%YAML 1.1
%TAG !u! tag:unity3d.com,2011:
--- !u!1 &4926092607470767498
GameObject:
  m_ObjectHideFlags: 0
  m_CorrespondingSourceObject: {fileID: 0}
  m_PrefabInstance: {fileID: 0}
  m_PrefabAsset: {fileID: 0}
  serializedVersion: 6
  m_Component:
  - component: {fileID: 4926092607470767488}
  - component: {fileID: 4926092607470767495}
  - component: {fileID: 4926092607470767494}
  - component: {fileID: 4926092607470767493}
  - component: {fileID: 4926092607470767492}
  - component: {fileID: 5436604492102274566}
  - component: {fileID: 1353598567036500882}
  - component: {fileID: 3255312320725665849}
  m_Layer: 0
  m_Name: BolsaB_Mini
  m_TagString: Agarrable
  m_Icon: {fileID: 0}
  m_NavMeshLayer: 0
  m_StaticEditorFlags: 0
  m_IsActive: 1
--- !u!4 &4926092607470767488
Transform:
  m_ObjectHideFlags: 0
  m_CorrespondingSourceObject: {fileID: 0}
  m_PrefabInstance: {fileID: 0}
  m_PrefabAsset: {fileID: 0}
  m_GameObject: {fileID: 4926092607470767498}
  m_LocalRotation: {x: 0, y: 0, z: 0, w: 1}
  m_LocalPosition: {x: 1.425, y: 3.078, z: 10.331}
  m_LocalScale: {x: 2.19801, y: 2.19801, z: 2.19801}
  m_ConstrainProportionsScale: 0
  m_Children: []
  m_Father: {fileID: 0}
  m_RootOrder: 0
  m_LocalEulerAnglesHint: {x: 0, y: 0, z: 0}
--- !u!114 &4926092607470767495
MonoBehaviour:
  m_ObjectHideFlags: 0
  m_CorrespondingSourceObject: {fileID: 0}
  m_PrefabInstance: {fileID: 0}
  m_PrefabAsset: {fileID: 0}
  m_GameObject: {fileID: 4926092607470767498}
  m_Enabled: 1
  m_EditorHideFlags: 0
  m_Script: {fileID: 11500000, guid: 8233d90336aea43098adf6dbabd606a2, type: 3}
  m_Name: 
  m_EditorClassIdentifier: 
  m_MeshFormatVersion: 2
  m_Faces:
  - m_Indexes: 000000000100000002000000
    m_SmoothingGroup: 0
    m_Uv:
      m_UseWorldSpace: 0
      m_FlipU: 0
      m_FlipV: 0
      m_SwapUV: 0
      m_Fill: 1
      m_Scale: {x: 1, y: 1}
      m_Offset: {x: 0, y: 0}
      m_Rotation: 0
      m_Anchor: 9
    m_Material: {fileID: 2100000, guid: 31321ba15b8f8eb4c954353edc038b1d, type: 2}
    m_SubmeshIndex: 0
    m_ManualUV: 0
    elementGroup: 0
    m_TextureGroup: 3
  - m_Indexes: 030000000400000005000000
    m_SmoothingGroup: 0
    m_Uv:
      m_UseWorldSpace: 0
      m_FlipU: 0
      m_FlipV: 0
      m_SwapUV: 0
      m_Fill: 1
      m_Scale: {x: 1, y: 1}
      m_Offset: {x: 0, y: 0}
      m_Rotation: 0
      m_Anchor: 9
    m_Material: {fileID: 2100000, guid: 31321ba15b8f8eb4c954353edc038b1d, type: 2}
    m_SubmeshIndex: 0
    m_ManualUV: 0
    elementGroup: 0
    m_TextureGroup: 5
  - m_Indexes: 060000000700000008000000
    m_SmoothingGroup: 0
    m_Uv:
      m_UseWorldSpace: 0
      m_FlipU: 0
      m_FlipV: 0
      m_SwapUV: 0
      m_Fill: 1
      m_Scale: {x: 1, y: 1}
      m_Offset: {x: 0, y: 0}
      m_Rotation: 0
      m_Anchor: 9
    m_Material: {fileID: 2100000, guid: 31321ba15b8f8eb4c954353edc038b1d, type: 2}
    m_SubmeshIndex: 0
    m_ManualUV: 0
    elementGroup: 0
    m_TextureGroup: 4
  - m_Indexes: 090000000a0000000b000000
    m_SmoothingGroup: 0
    m_Uv:
      m_UseWorldSpace: 0
      m_FlipU: 0
      m_FlipV: 0
      m_SwapUV: 0
      m_Fill: 1
      m_Scale: {x: 1, y: 1}
      m_Offset: {x: 0, y: 0}
      m_Rotation: 0
      m_Anchor: 9
    m_Material: {fileID: 2100000, guid: 31321ba15b8f8eb4c954353edc038b1d, type: 2}
    m_SubmeshIndex: 0
    m_ManualUV: 0
    elementGroup: 0
    m_TextureGroup: 4
  - m_Indexes: 0c0000000d0000000e000000
    m_SmoothingGroup: 0
    m_Uv:
      m_UseWorldSpace: 0
      m_FlipU: 0
      m_FlipV: 0
      m_SwapUV: 0
      m_Fill: 1
      m_Scale: {x: 1, y: 1}
      m_Offset: {x: 0, y: 0}
      m_Rotation: 0
      m_Anchor: 9
    m_Material: {fileID: 2100000, guid: 31321ba15b8f8eb4c954353edc038b1d, type: 2}
    m_SubmeshIndex: 0
    m_ManualUV: 0
    elementGroup: 0
    m_TextureGroup: 3
  - m_Indexes: 0f0000001000000011000000
    m_SmoothingGroup: 0
    m_Uv:
      m_UseWorldSpace: 0
      m_FlipU: 0
      m_FlipV: 0
      m_SwapUV: 0
      m_Fill: 1
      m_Scale: {x: 1, y: 1}
      m_Offset: {x: 0, y: 0}
      m_Rotation: 0
      m_Anchor: 9
    m_Material: {fileID: 2100000, guid: 31321ba15b8f8eb4c954353edc038b1d, type: 2}
    m_SubmeshIndex: 0
    m_ManualUV: 0
    elementGroup: 0
    m_TextureGroup: 3
  - m_Indexes: 120000001300000014000000
    m_SmoothingGroup: 0
    m_Uv:
      m_UseWorldSpace: 0
      m_FlipU: 0
      m_FlipV: 0
      m_SwapUV: 0
      m_Fill: 1
      m_Scale: {x: 1, y: 1}
      m_Offset: {x: 0, y: 0}
      m_Rotation: 0
      m_Anchor: 9
    m_Material: {fileID: 2100000, guid: 31321ba15b8f8eb4c954353edc038b1d, type: 2}
    m_SubmeshIndex: 0
    m_ManualUV: 0
    elementGroup: 0
    m_TextureGroup: 3
  - m_Indexes: 150000001600000017000000
    m_SmoothingGroup: 0
    m_Uv:
      m_UseWorldSpace: 0
      m_FlipU: 0
      m_FlipV: 0
      m_SwapUV: 0
      m_Fill: 1
      m_Scale: {x: 1, y: 1}
      m_Offset: {x: 0, y: 0}
      m_Rotation: 0
      m_Anchor: 9
    m_Material: {fileID: 2100000, guid: 31321ba15b8f8eb4c954353edc038b1d, type: 2}
    m_SubmeshIndex: 0
    m_ManualUV: 0
    elementGroup: 0
    m_TextureGroup: 7
  - m_Indexes: 18000000190000001a000000
    m_SmoothingGroup: 0
    m_Uv:
      m_UseWorldSpace: 0
      m_FlipU: 0
      m_FlipV: 0
      m_SwapUV: 0
      m_Fill: 1
      m_Scale: {x: 1, y: 1}
      m_Offset: {x: 0, y: 0}
      m_Rotation: 0
      m_Anchor: 9
    m_Material: {fileID: 2100000, guid: 31321ba15b8f8eb4c954353edc038b1d, type: 2}
    m_SubmeshIndex: 0
    m_ManualUV: 0
    elementGroup: 0
    m_TextureGroup: 7
  - m_Indexes: 1b0000001c0000001d000000
    m_SmoothingGroup: 0
    m_Uv:
      m_UseWorldSpace: 0
      m_FlipU: 0
      m_FlipV: 0
      m_SwapUV: 0
      m_Fill: 1
      m_Scale: {x: 1, y: 1}
      m_Offset: {x: 0, y: 0}
      m_Rotation: 0
      m_Anchor: 9
    m_Material: {fileID: 2100000, guid: 31321ba15b8f8eb4c954353edc038b1d, type: 2}
    m_SubmeshIndex: 0
    m_ManualUV: 0
    elementGroup: 0
    m_TextureGroup: 5
  - m_Indexes: 1e0000001f00000020000000
    m_SmoothingGroup: 0
    m_Uv:
      m_UseWorldSpace: 0
      m_FlipU: 0
      m_FlipV: 0
      m_SwapUV: 0
      m_Fill: 1
      m_Scale: {x: 1, y: 1}
      m_Offset: {x: 0, y: 0}
      m_Rotation: 0
      m_Anchor: 9
    m_Material: {fileID: 2100000, guid: 31321ba15b8f8eb4c954353edc038b1d, type: 2}
    m_SubmeshIndex: 0
    m_ManualUV: 0
    elementGroup: 0
    m_TextureGroup: 5
  - m_Indexes: 210000002200000023000000
    m_SmoothingGroup: 0
    m_Uv:
      m_UseWorldSpace: 0
      m_FlipU: 0
      m_FlipV: 0
      m_SwapUV: 0
      m_Fill: 1
      m_Scale: {x: 1, y: 1}
      m_Offset: {x: 0, y: 0}
      m_Rotation: 0
      m_Anchor: 9
    m_Material: {fileID: 2100000, guid: 31321ba15b8f8eb4c954353edc038b1d, type: 2}
    m_SubmeshIndex: 0
    m_ManualUV: 0
    elementGroup: 0
    m_TextureGroup: 5
  - m_Indexes: 240000002500000026000000
    m_SmoothingGroup: 0
    m_Uv:
      m_UseWorldSpace: 0
      m_FlipU: 0
      m_FlipV: 0
      m_SwapUV: 0
      m_Fill: 1
      m_Scale: {x: 1, y: 1}
      m_Offset: {x: 0, y: 0}
      m_Rotation: 0
      m_Anchor: 9
    m_Material: {fileID: 2100000, guid: 31321ba15b8f8eb4c954353edc038b1d, type: 2}
    m_SubmeshIndex: 0
    m_ManualUV: 0
    elementGroup: 0
    m_TextureGroup: 5
  - m_Indexes: 270000002800000029000000
    m_SmoothingGroup: 0
    m_Uv:
      m_UseWorldSpace: 0
      m_FlipU: 0
      m_FlipV: 0
      m_SwapUV: 0
      m_Fill: 1
      m_Scale: {x: 1, y: 1}
      m_Offset: {x: 0, y: 0}
      m_Rotation: 0
      m_Anchor: 9
    m_Material: {fileID: 2100000, guid: 31321ba15b8f8eb4c954353edc038b1d, type: 2}
    m_SubmeshIndex: 0
    m_ManualUV: 0
    elementGroup: 0
    m_TextureGroup: 5
  - m_Indexes: 2a0000002b0000002c000000
    m_SmoothingGroup: 0
    m_Uv:
      m_UseWorldSpace: 0
      m_FlipU: 0
      m_FlipV: 0
      m_SwapUV: 0
      m_Fill: 1
      m_Scale: {x: 1, y: 1}
      m_Offset: {x: 0, y: 0}
      m_Rotation: 0
      m_Anchor: 9
    m_Material: {fileID: 2100000, guid: 31321ba15b8f8eb4c954353edc038b1d, type: 2}
    m_SubmeshIndex: 0
    m_ManualUV: 0
    elementGroup: 0
    m_TextureGroup: 3
  - m_Indexes: 2d0000002e0000002f000000
    m_SmoothingGroup: 0
    m_Uv:
      m_UseWorldSpace: 0
      m_FlipU: 0
      m_FlipV: 0
      m_SwapUV: 0
      m_Fill: 1
      m_Scale: {x: 1, y: 1}
      m_Offset: {x: 0, y: 0}
      m_Rotation: 0
      m_Anchor: 9
    m_Material: {fileID: 2100000, guid: 31321ba15b8f8eb4c954353edc038b1d, type: 2}
    m_SubmeshIndex: 0
    m_ManualUV: 0
    elementGroup: 0
    m_TextureGroup: 4
  - m_Indexes: 300000003100000032000000
    m_SmoothingGroup: 0
    m_Uv:
      m_UseWorldSpace: 0
      m_FlipU: 0
      m_FlipV: 0
      m_SwapUV: 0
      m_Fill: 1
      m_Scale: {x: 1, y: 1}
      m_Offset: {x: 0, y: 0}
      m_Rotation: 0
      m_Anchor: 9
    m_Material: {fileID: 2100000, guid: 31321ba15b8f8eb4c954353edc038b1d, type: 2}
    m_SubmeshIndex: 0
    m_ManualUV: 0
    elementGroup: 0
    m_TextureGroup: 4
  - m_Indexes: 330000003400000035000000
    m_SmoothingGroup: 0
    m_Uv:
      m_UseWorldSpace: 0
      m_FlipU: 0
      m_FlipV: 0
      m_SwapUV: 0
      m_Fill: 1
      m_Scale: {x: 1, y: 1}
      m_Offset: {x: 0, y: 0}
      m_Rotation: 0
      m_Anchor: 9
    m_Material: {fileID: 2100000, guid: 31321ba15b8f8eb4c954353edc038b1d, type: 2}
    m_SubmeshIndex: 0
    m_ManualUV: 0
    elementGroup: 0
    m_TextureGroup: 2
  - m_Indexes: 360000003700000038000000
    m_SmoothingGroup: 0
    m_Uv:
      m_UseWorldSpace: 0
      m_FlipU: 0
      m_FlipV: 0
      m_SwapUV: 0
      m_Fill: 1
      m_Scale: {x: 1, y: 1}
      m_Offset: {x: 0, y: 0}
      m_Rotation: 0
      m_Anchor: 9
    m_Material: {fileID: 2100000, guid: 31321ba15b8f8eb4c954353edc038b1d, type: 2}
    m_SubmeshIndex: 0
    m_ManualUV: 0
    elementGroup: 0
    m_TextureGroup: 4
  - m_Indexes: 390000003a0000003b000000
    m_SmoothingGroup: 0
    m_Uv:
      m_UseWorldSpace: 0
      m_FlipU: 0
      m_FlipV: 0
      m_SwapUV: 0
      m_Fill: 1
      m_Scale: {x: 1, y: 1}
      m_Offset: {x: 0, y: 0}
      m_Rotation: 0
      m_Anchor: 9
    m_Material: {fileID: 2100000, guid: 31321ba15b8f8eb4c954353edc038b1d, type: 2}
    m_SubmeshIndex: 0
    m_ManualUV: 0
    elementGroup: 0
    m_TextureGroup: 4
  - m_Indexes: 3c0000003d0000003e000000
    m_SmoothingGroup: 0
    m_Uv:
      m_UseWorldSpace: 0
      m_FlipU: 0
      m_FlipV: 0
      m_SwapUV: 0
      m_Fill: 1
      m_Scale: {x: 1, y: 1}
      m_Offset: {x: 0, y: 0}
      m_Rotation: 0
      m_Anchor: 9
    m_Material: {fileID: 2100000, guid: 31321ba15b8f8eb4c954353edc038b1d, type: 2}
    m_SubmeshIndex: 0
    m_ManualUV: 0
    elementGroup: 0
    m_TextureGroup: 4
  - m_Indexes: 3f0000004000000041000000
    m_SmoothingGroup: 0
    m_Uv:
      m_UseWorldSpace: 0
      m_FlipU: 0
      m_FlipV: 0
      m_SwapUV: 0
      m_Fill: 1
      m_Scale: {x: 1, y: 1}
      m_Offset: {x: 0, y: 0}
      m_Rotation: 0
      m_Anchor: 9
    m_Material: {fileID: 2100000, guid: 31321ba15b8f8eb4c954353edc038b1d, type: 2}
    m_SubmeshIndex: 0
    m_ManualUV: 0
    elementGroup: 0
    m_TextureGroup: 4
  - m_Indexes: 420000004300000044000000
    m_SmoothingGroup: 0
    m_Uv:
      m_UseWorldSpace: 0
      m_FlipU: 0
      m_FlipV: 0
      m_SwapUV: 0
      m_Fill: 1
      m_Scale: {x: 1, y: 1}
      m_Offset: {x: 0, y: 0}
      m_Rotation: 0
      m_Anchor: 9
    m_Material: {fileID: 2100000, guid: 31321ba15b8f8eb4c954353edc038b1d, type: 2}
    m_SubmeshIndex: 0
    m_ManualUV: 0
    elementGroup: 0
    m_TextureGroup: 5
  - m_Indexes: 450000004600000047000000
    m_SmoothingGroup: 0
    m_Uv:
      m_UseWorldSpace: 0
      m_FlipU: 0
      m_FlipV: 0
      m_SwapUV: 0
      m_Fill: 1
      m_Scale: {x: 1, y: 1}
      m_Offset: {x: 0, y: 0}
      m_Rotation: 0
      m_Anchor: 9
    m_Material: {fileID: 2100000, guid: 31321ba15b8f8eb4c954353edc038b1d, type: 2}
    m_SubmeshIndex: 0
    m_ManualUV: 0
    elementGroup: 0
    m_TextureGroup: 5
  - m_Indexes: 48000000490000004a000000
    m_SmoothingGroup: 0
    m_Uv:
      m_UseWorldSpace: 0
      m_FlipU: 0
      m_FlipV: 0
      m_SwapUV: 0
      m_Fill: 1
      m_Scale: {x: 1, y: 1}
      m_Offset: {x: 0, y: 0}
      m_Rotation: 0
      m_Anchor: 9
    m_Material: {fileID: 2100000, guid: 31321ba15b8f8eb4c954353edc038b1d, type: 2}
    m_SubmeshIndex: 0
    m_ManualUV: 0
    elementGroup: 0
    m_TextureGroup: 5
  - m_Indexes: 4b0000004c0000004d000000
    m_SmoothingGroup: 0
    m_Uv:
      m_UseWorldSpace: 0
      m_FlipU: 0
      m_FlipV: 0
      m_SwapUV: 0
      m_Fill: 1
      m_Scale: {x: 1, y: 1}
      m_Offset: {x: 0, y: 0}
      m_Rotation: 0
      m_Anchor: 9
    m_Material: {fileID: 2100000, guid: 31321ba15b8f8eb4c954353edc038b1d, type: 2}
    m_SubmeshIndex: 0
    m_ManualUV: 0
    elementGroup: 0
    m_TextureGroup: 5
  - m_Indexes: 4e0000004f00000050000000
    m_SmoothingGroup: 0
    m_Uv:
      m_UseWorldSpace: 0
      m_FlipU: 0
      m_FlipV: 0
      m_SwapUV: 0
      m_Fill: 1
      m_Scale: {x: 1, y: 1}
      m_Offset: {x: 0, y: 0}
      m_Rotation: 0
      m_Anchor: 9
    m_Material: {fileID: 2100000, guid: 31321ba15b8f8eb4c954353edc038b1d, type: 2}
    m_SubmeshIndex: 0
    m_ManualUV: 0
    elementGroup: 0
    m_TextureGroup: 7
  - m_Indexes: 510000005200000053000000
    m_SmoothingGroup: 0
    m_Uv:
      m_UseWorldSpace: 0
      m_FlipU: 0
      m_FlipV: 0
      m_SwapUV: 0
      m_Fill: 1
      m_Scale: {x: 1, y: 1}
      m_Offset: {x: 0, y: 0}
      m_Rotation: 0
      m_Anchor: 9
    m_Material: {fileID: 2100000, guid: 31321ba15b8f8eb4c954353edc038b1d, type: 2}
    m_SubmeshIndex: 0
    m_ManualUV: 0
    elementGroup: 0
    m_TextureGroup: 7
  - m_Indexes: 540000005500000056000000
    m_SmoothingGroup: 0
    m_Uv:
      m_UseWorldSpace: 0
      m_FlipU: 0
      m_FlipV: 0
      m_SwapUV: 0
      m_Fill: 1
      m_Scale: {x: 1, y: 1}
      m_Offset: {x: 0, y: 0}
      m_Rotation: 0
      m_Anchor: 9
    m_Material: {fileID: 2100000, guid: 31321ba15b8f8eb4c954353edc038b1d, type: 2}
    m_SubmeshIndex: 0
    m_ManualUV: 0
    elementGroup: 0
    m_TextureGroup: 7
  - m_Indexes: 570000005800000059000000
    m_SmoothingGroup: 0
    m_Uv:
      m_UseWorldSpace: 0
      m_FlipU: 0
      m_FlipV: 0
      m_SwapUV: 0
      m_Fill: 1
      m_Scale: {x: 1, y: 1}
      m_Offset: {x: 0, y: 0}
      m_Rotation: 0
      m_Anchor: 9
    m_Material: {fileID: 2100000, guid: 31321ba15b8f8eb4c954353edc038b1d, type: 2}
    m_SubmeshIndex: 0
    m_ManualUV: 0
    elementGroup: 0
    m_TextureGroup: 7
  - m_Indexes: 5a0000005b0000005c000000
    m_SmoothingGroup: 0
    m_Uv:
      m_UseWorldSpace: 0
      m_FlipU: 0
      m_FlipV: 0
      m_SwapUV: 0
      m_Fill: 1
      m_Scale: {x: 1, y: 1}
      m_Offset: {x: 0, y: 0}
      m_Rotation: 0
      m_Anchor: 9
    m_Material: {fileID: 2100000, guid: 31321ba15b8f8eb4c954353edc038b1d, type: 2}
    m_SubmeshIndex: 0
    m_ManualUV: 0
    elementGroup: 0
    m_TextureGroup: 7
  - m_Indexes: 5d0000005e0000005f000000
    m_SmoothingGroup: 0
    m_Uv:
      m_UseWorldSpace: 0
      m_FlipU: 0
      m_FlipV: 0
      m_SwapUV: 0
      m_Fill: 1
      m_Scale: {x: 1, y: 1}
      m_Offset: {x: 0, y: 0}
      m_Rotation: 0
      m_Anchor: 9
    m_Material: {fileID: 2100000, guid: 31321ba15b8f8eb4c954353edc038b1d, type: 2}
    m_SubmeshIndex: 0
    m_ManualUV: 0
    elementGroup: 0
    m_TextureGroup: 3
  - m_Indexes: 600000006100000062000000
    m_SmoothingGroup: 0
    m_Uv:
      m_UseWorldSpace: 0
      m_FlipU: 0
      m_FlipV: 0
      m_SwapUV: 0
      m_Fill: 1
      m_Scale: {x: 1, y: 1}
      m_Offset: {x: 0, y: 0}
      m_Rotation: 0
      m_Anchor: 9
    m_Material: {fileID: 2100000, guid: 31321ba15b8f8eb4c954353edc038b1d, type: 2}
    m_SubmeshIndex: 0
    m_ManualUV: 0
    elementGroup: 0
    m_TextureGroup: 7
  - m_Indexes: 630000006400000065000000
    m_SmoothingGroup: 0
    m_Uv:
      m_UseWorldSpace: 0
      m_FlipU: 0
      m_FlipV: 0
      m_SwapUV: 0
      m_Fill: 1
      m_Scale: {x: 1, y: 1}
      m_Offset: {x: 0, y: 0}
      m_Rotation: 0
      m_Anchor: 9
    m_Material: {fileID: 2100000, guid: 31321ba15b8f8eb4c954353edc038b1d, type: 2}
    m_SubmeshIndex: 0
    m_ManualUV: 0
    elementGroup: 0
    m_TextureGroup: 2
  - m_Indexes: 660000006700000068000000
    m_SmoothingGroup: 0
    m_Uv:
      m_UseWorldSpace: 0
      m_FlipU: 0
      m_FlipV: 0
      m_SwapUV: 0
      m_Fill: 1
      m_Scale: {x: 1, y: 1}
      m_Offset: {x: 0, y: 0}
      m_Rotation: 0
      m_Anchor: 9
    m_Material: {fileID: 2100000, guid: 31321ba15b8f8eb4c954353edc038b1d, type: 2}
    m_SubmeshIndex: 0
    m_ManualUV: 0
    elementGroup: 0
    m_TextureGroup: 6
  - m_Indexes: 690000006a0000006b000000
    m_SmoothingGroup: 0
    m_Uv:
      m_UseWorldSpace: 0
      m_FlipU: 0
      m_FlipV: 0
      m_SwapUV: 0
      m_Fill: 1
      m_Scale: {x: 1, y: 1}
      m_Offset: {x: 0, y: 0}
      m_Rotation: 0
      m_Anchor: 9
    m_Material: {fileID: 2100000, guid: 31321ba15b8f8eb4c954353edc038b1d, type: 2}
    m_SubmeshIndex: 0
    m_ManualUV: 0
    elementGroup: 0
    m_TextureGroup: 2
  - m_Indexes: 6c0000006d0000006e000000
    m_SmoothingGroup: 0
    m_Uv:
      m_UseWorldSpace: 0
      m_FlipU: 0
      m_FlipV: 0
      m_SwapUV: 0
      m_Fill: 1
      m_Scale: {x: 1, y: 1}
      m_Offset: {x: 0, y: 0}
      m_Rotation: 0
      m_Anchor: 9
    m_Material: {fileID: 2100000, guid: 31321ba15b8f8eb4c954353edc038b1d, type: 2}
    m_SubmeshIndex: 0
    m_ManualUV: 0
    elementGroup: 0
    m_TextureGroup: 4
  - m_Indexes: 6f0000007000000071000000
    m_SmoothingGroup: 0
    m_Uv:
      m_UseWorldSpace: 0
      m_FlipU: 0
      m_FlipV: 0
      m_SwapUV: 0
      m_Fill: 1
      m_Scale: {x: 1, y: 1}
      m_Offset: {x: 0, y: 0}
      m_Rotation: 0
      m_Anchor: 9
    m_Material: {fileID: 2100000, guid: 31321ba15b8f8eb4c954353edc038b1d, type: 2}
    m_SubmeshIndex: 0
    m_ManualUV: 0
    elementGroup: 0
    m_TextureGroup: 4
  - m_Indexes: 720000007300000074000000
    m_SmoothingGroup: 0
    m_Uv:
      m_UseWorldSpace: 0
      m_FlipU: 0
      m_FlipV: 0
      m_SwapUV: 0
      m_Fill: 1
      m_Scale: {x: 1, y: 1}
      m_Offset: {x: 0, y: 0}
      m_Rotation: 0
      m_Anchor: 9
    m_Material: {fileID: 2100000, guid: 31321ba15b8f8eb4c954353edc038b1d, type: 2}
    m_SubmeshIndex: 0
    m_ManualUV: 0
    elementGroup: 0
    m_TextureGroup: 6
  - m_Indexes: 750000007600000077000000
    m_SmoothingGroup: 0
    m_Uv:
      m_UseWorldSpace: 0
      m_FlipU: 0
      m_FlipV: 0
      m_SwapUV: 0
      m_Fill: 1
      m_Scale: {x: 1, y: 1}
      m_Offset: {x: 0, y: 0}
      m_Rotation: 0
      m_Anchor: 9
    m_Material: {fileID: 2100000, guid: 31321ba15b8f8eb4c954353edc038b1d, type: 2}
    m_SubmeshIndex: 0
    m_ManualUV: 0
    elementGroup: 0
    m_TextureGroup: 6
  - m_Indexes: 78000000790000007a000000
    m_SmoothingGroup: 0
    m_Uv:
      m_UseWorldSpace: 0
      m_FlipU: 0
      m_FlipV: 0
      m_SwapUV: 0
      m_Fill: 1
      m_Scale: {x: 1, y: 1}
      m_Offset: {x: 0, y: 0}
      m_Rotation: 0
      m_Anchor: 9
    m_Material: {fileID: 2100000, guid: 31321ba15b8f8eb4c954353edc038b1d, type: 2}
    m_SubmeshIndex: 0
    m_ManualUV: 0
    elementGroup: 0
    m_TextureGroup: 6
  - m_Indexes: 7b0000007c0000007d000000
    m_SmoothingGroup: 0
    m_Uv:
      m_UseWorldSpace: 0
      m_FlipU: 0
      m_FlipV: 0
      m_SwapUV: 0
      m_Fill: 1
      m_Scale: {x: 1, y: 1}
      m_Offset: {x: 0, y: 0}
      m_Rotation: 0
      m_Anchor: 9
    m_Material: {fileID: 2100000, guid: 31321ba15b8f8eb4c954353edc038b1d, type: 2}
    m_SubmeshIndex: 0
    m_ManualUV: 0
    elementGroup: 0
    m_TextureGroup: 6
  - m_Indexes: 7e0000007f00000080000000
    m_SmoothingGroup: 0
    m_Uv:
      m_UseWorldSpace: 0
      m_FlipU: 0
      m_FlipV: 0
      m_SwapUV: 0
      m_Fill: 1
      m_Scale: {x: 1, y: 1}
      m_Offset: {x: 0, y: 0}
      m_Rotation: 0
      m_Anchor: 9
    m_Material: {fileID: 2100000, guid: 31321ba15b8f8eb4c954353edc038b1d, type: 2}
    m_SubmeshIndex: 0
    m_ManualUV: 0
    elementGroup: 0
    m_TextureGroup: 6
  - m_Indexes: 810000008200000083000000
    m_SmoothingGroup: 0
    m_Uv:
      m_UseWorldSpace: 0
      m_FlipU: 0
      m_FlipV: 0
      m_SwapUV: 0
      m_Fill: 1
      m_Scale: {x: 1, y: 1}
      m_Offset: {x: 0, y: 0}
      m_Rotation: 0
      m_Anchor: 9
    m_Material: {fileID: 2100000, guid: 31321ba15b8f8eb4c954353edc038b1d, type: 2}
    m_SubmeshIndex: 0
    m_ManualUV: 0
    elementGroup: 0
    m_TextureGroup: 6
  - m_Indexes: 840000008500000086000000
    m_SmoothingGroup: 0
    m_Uv:
      m_UseWorldSpace: 0
      m_FlipU: 0
      m_FlipV: 0
      m_SwapUV: 0
      m_Fill: 1
      m_Scale: {x: 1, y: 1}
      m_Offset: {x: 0, y: 0}
      m_Rotation: 0
      m_Anchor: 9
    m_Material: {fileID: 2100000, guid: 31321ba15b8f8eb4c954353edc038b1d, type: 2}
    m_SubmeshIndex: 0
    m_ManualUV: 0
    elementGroup: 0
    m_TextureGroup: 6
  - m_Indexes: 870000008800000089000000
    m_SmoothingGroup: 0
    m_Uv:
      m_UseWorldSpace: 0
      m_FlipU: 0
      m_FlipV: 0
      m_SwapUV: 0
      m_Fill: 1
      m_Scale: {x: 1, y: 1}
      m_Offset: {x: 0, y: 0}
      m_Rotation: 0
      m_Anchor: 9
    m_Material: {fileID: 2100000, guid: 31321ba15b8f8eb4c954353edc038b1d, type: 2}
    m_SubmeshIndex: 0
    m_ManualUV: 0
    elementGroup: 0
    m_TextureGroup: 6
  - m_Indexes: 8a0000008b0000008c000000
    m_SmoothingGroup: 0
    m_Uv:
      m_UseWorldSpace: 0
      m_FlipU: 0
      m_FlipV: 0
      m_SwapUV: 0
      m_Fill: 1
      m_Scale: {x: 1, y: 1}
      m_Offset: {x: 0, y: 0}
      m_Rotation: 0
      m_Anchor: 9
    m_Material: {fileID: 2100000, guid: 31321ba15b8f8eb4c954353edc038b1d, type: 2}
    m_SubmeshIndex: 0
    m_ManualUV: 0
    elementGroup: 0
    m_TextureGroup: 6
  - m_Indexes: 8d0000008e0000008f000000
    m_SmoothingGroup: 0
    m_Uv:
      m_UseWorldSpace: 0
      m_FlipU: 0
      m_FlipV: 0
      m_SwapUV: 0
      m_Fill: 1
      m_Scale: {x: 1, y: 1}
      m_Offset: {x: 0, y: 0}
      m_Rotation: 0
      m_Anchor: 9
    m_Material: {fileID: 2100000, guid: 31321ba15b8f8eb4c954353edc038b1d, type: 2}
    m_SubmeshIndex: 0
    m_ManualUV: 0
    elementGroup: 0
    m_TextureGroup: 7
  - m_Indexes: 900000009100000092000000
    m_SmoothingGroup: 0
    m_Uv:
      m_UseWorldSpace: 0
      m_FlipU: 0
      m_FlipV: 0
      m_SwapUV: 0
      m_Fill: 1
      m_Scale: {x: 1, y: 1}
      m_Offset: {x: 0, y: 0}
      m_Rotation: 0
      m_Anchor: 9
    m_Material: {fileID: 2100000, guid: 31321ba15b8f8eb4c954353edc038b1d, type: 2}
    m_SubmeshIndex: 0
    m_ManualUV: 0
    elementGroup: 0
    m_TextureGroup: 7
  - m_Indexes: 930000009400000095000000
    m_SmoothingGroup: 0
    m_Uv:
      m_UseWorldSpace: 0
      m_FlipU: 0
      m_FlipV: 0
      m_SwapUV: 0
      m_Fill: 1
      m_Scale: {x: 1, y: 1}
      m_Offset: {x: 0, y: 0}
      m_Rotation: 0
      m_Anchor: 9
    m_Material: {fileID: 2100000, guid: 31321ba15b8f8eb4c954353edc038b1d, type: 2}
    m_SubmeshIndex: 0
    m_ManualUV: 0
    elementGroup: 0
    m_TextureGroup: 2
  - m_Indexes: 960000009700000098000000
    m_SmoothingGroup: 0
    m_Uv:
      m_UseWorldSpace: 0
      m_FlipU: 0
      m_FlipV: 0
      m_SwapUV: 0
      m_Fill: 1
      m_Scale: {x: 1, y: 1}
      m_Offset: {x: 0, y: 0}
      m_Rotation: 0
      m_Anchor: 9
    m_Material: {fileID: 2100000, guid: 31321ba15b8f8eb4c954353edc038b1d, type: 2}
    m_SubmeshIndex: 0
    m_ManualUV: 0
    elementGroup: 0
    m_TextureGroup: 2
  - m_Indexes: 990000009a0000009b000000
    m_SmoothingGroup: 0
    m_Uv:
      m_UseWorldSpace: 0
      m_FlipU: 0
      m_FlipV: 0
      m_SwapUV: 0
      m_Fill: 1
      m_Scale: {x: 1, y: 1}
      m_Offset: {x: 0, y: 0}
      m_Rotation: 0
      m_Anchor: 9
    m_Material: {fileID: 2100000, guid: 31321ba15b8f8eb4c954353edc038b1d, type: 2}
    m_SubmeshIndex: 0
    m_ManualUV: 0
    elementGroup: 0
    m_TextureGroup: 2
  - m_Indexes: 9c0000009d0000009e000000
    m_SmoothingGroup: 0
    m_Uv:
      m_UseWorldSpace: 0
      m_FlipU: 0
      m_FlipV: 0
      m_SwapUV: 0
      m_Fill: 1
      m_Scale: {x: 1, y: 1}
      m_Offset: {x: 0, y: 0}
      m_Rotation: 0
      m_Anchor: 9
    m_Material: {fileID: 2100000, guid: 31321ba15b8f8eb4c954353edc038b1d, type: 2}
    m_SubmeshIndex: 0
    m_ManualUV: 0
    elementGroup: 0
    m_TextureGroup: 2
  - m_Indexes: 9f000000a0000000a1000000
    m_SmoothingGroup: 0
    m_Uv:
      m_UseWorldSpace: 0
      m_FlipU: 0
      m_FlipV: 0
      m_SwapUV: 0
      m_Fill: 1
      m_Scale: {x: 1, y: 1}
      m_Offset: {x: 0, y: 0}
      m_Rotation: 0
      m_Anchor: 9
    m_Material: {fileID: 2100000, guid: 31321ba15b8f8eb4c954353edc038b1d, type: 2}
    m_SubmeshIndex: 0
    m_ManualUV: 0
    elementGroup: 0
    m_TextureGroup: 2
  - m_Indexes: a2000000a3000000a4000000
    m_SmoothingGroup: 0
    m_Uv:
      m_UseWorldSpace: 0
      m_FlipU: 0
      m_FlipV: 0
      m_SwapUV: 0
      m_Fill: 1
      m_Scale: {x: 1, y: 1}
      m_Offset: {x: 0, y: 0}
      m_Rotation: 0
      m_Anchor: 9
    m_Material: {fileID: 2100000, guid: 31321ba15b8f8eb4c954353edc038b1d, type: 2}
    m_SubmeshIndex: 0
    m_ManualUV: 0
    elementGroup: 0
    m_TextureGroup: 4
  - m_Indexes: a5000000a6000000a7000000
    m_SmoothingGroup: 0
    m_Uv:
      m_UseWorldSpace: 0
      m_FlipU: 0
      m_FlipV: 0
      m_SwapUV: 0
      m_Fill: 1
      m_Scale: {x: 1, y: 1}
      m_Offset: {x: 0, y: 0}
      m_Rotation: 0
      m_Anchor: 9
    m_Material: {fileID: 2100000, guid: 31321ba15b8f8eb4c954353edc038b1d, type: 2}
    m_SubmeshIndex: 0
    m_ManualUV: 0
    elementGroup: 0
    m_TextureGroup: 4
  - m_Indexes: a8000000a9000000aa000000
    m_SmoothingGroup: 0
    m_Uv:
      m_UseWorldSpace: 0
      m_FlipU: 0
      m_FlipV: 0
      m_SwapUV: 0
      m_Fill: 1
      m_Scale: {x: 1, y: 1}
      m_Offset: {x: 0, y: 0}
      m_Rotation: 0
      m_Anchor: 9
    m_Material: {fileID: 2100000, guid: 31321ba15b8f8eb4c954353edc038b1d, type: 2}
    m_SubmeshIndex: 0
    m_ManualUV: 0
    elementGroup: 0
    m_TextureGroup: 4
  - m_Indexes: ab000000ac000000ad000000
    m_SmoothingGroup: 0
    m_Uv:
      m_UseWorldSpace: 0
      m_FlipU: 0
      m_FlipV: 0
      m_SwapUV: 0
      m_Fill: 1
      m_Scale: {x: 1, y: 1}
      m_Offset: {x: 0, y: 0}
      m_Rotation: 0
      m_Anchor: 9
    m_Material: {fileID: 2100000, guid: 31321ba15b8f8eb4c954353edc038b1d, type: 2}
    m_SubmeshIndex: 0
    m_ManualUV: 0
    elementGroup: 0
    m_TextureGroup: 4
  - m_Indexes: ae000000af000000b0000000
    m_SmoothingGroup: 0
    m_Uv:
      m_UseWorldSpace: 0
      m_FlipU: 0
      m_FlipV: 0
      m_SwapUV: 0
      m_Fill: 1
      m_Scale: {x: 1, y: 1}
      m_Offset: {x: 0, y: 0}
      m_Rotation: 0
      m_Anchor: 9
    m_Material: {fileID: 2100000, guid: 31321ba15b8f8eb4c954353edc038b1d, type: 2}
    m_SubmeshIndex: 0
    m_ManualUV: 0
    elementGroup: 0
    m_TextureGroup: 6
  - m_Indexes: b1000000b2000000b3000000
    m_SmoothingGroup: 0
    m_Uv:
      m_UseWorldSpace: 0
      m_FlipU: 0
      m_FlipV: 0
      m_SwapUV: 0
      m_Fill: 1
      m_Scale: {x: 1, y: 1}
      m_Offset: {x: 0, y: 0}
      m_Rotation: 0
      m_Anchor: 9
    m_Material: {fileID: 2100000, guid: 31321ba15b8f8eb4c954353edc038b1d, type: 2}
    m_SubmeshIndex: 0
    m_ManualUV: 0
    elementGroup: 0
    m_TextureGroup: 4
  - m_Indexes: b4000000b5000000b6000000
    m_SmoothingGroup: 0
    m_Uv:
      m_UseWorldSpace: 0
      m_FlipU: 0
      m_FlipV: 0
      m_SwapUV: 0
      m_Fill: 1
      m_Scale: {x: 1, y: 1}
      m_Offset: {x: 0, y: 0}
      m_Rotation: 0
      m_Anchor: 9
    m_Material: {fileID: 2100000, guid: 31321ba15b8f8eb4c954353edc038b1d, type: 2}
    m_SubmeshIndex: 0
    m_ManualUV: 0
    elementGroup: 0
    m_TextureGroup: 4
  - m_Indexes: b7000000b8000000b9000000
    m_SmoothingGroup: 0
    m_Uv:
      m_UseWorldSpace: 0
      m_FlipU: 0
      m_FlipV: 0
      m_SwapUV: 0
      m_Fill: 1
      m_Scale: {x: 1, y: 1}
      m_Offset: {x: 0, y: 0}
      m_Rotation: 0
      m_Anchor: 9
    m_Material: {fileID: 2100000, guid: 31321ba15b8f8eb4c954353edc038b1d, type: 2}
    m_SubmeshIndex: 0
    m_ManualUV: 0
    elementGroup: 0
    m_TextureGroup: 5
  - m_Indexes: ba000000bb000000bc000000
    m_SmoothingGroup: 0
    m_Uv:
      m_UseWorldSpace: 0
      m_FlipU: 0
      m_FlipV: 0
      m_SwapUV: 0
      m_Fill: 1
      m_Scale: {x: 1, y: 1}
      m_Offset: {x: 0, y: 0}
      m_Rotation: 0
      m_Anchor: 9
    m_Material: {fileID: 2100000, guid: 31321ba15b8f8eb4c954353edc038b1d, type: 2}
    m_SubmeshIndex: 0
    m_ManualUV: 0
    elementGroup: 0
    m_TextureGroup: 7
  - m_Indexes: bd000000be000000bf000000
    m_SmoothingGroup: 0
    m_Uv:
      m_UseWorldSpace: 0
      m_FlipU: 0
      m_FlipV: 0
      m_SwapUV: 0
      m_Fill: 1
      m_Scale: {x: 1, y: 1}
      m_Offset: {x: 0, y: 0}
      m_Rotation: 0
      m_Anchor: 9
    m_Material: {fileID: 2100000, guid: 31321ba15b8f8eb4c954353edc038b1d, type: 2}
    m_SubmeshIndex: 0
    m_ManualUV: 0
    elementGroup: 0
    m_TextureGroup: 6
  - m_Indexes: c0000000c1000000c2000000
    m_SmoothingGroup: 0
    m_Uv:
      m_UseWorldSpace: 0
      m_FlipU: 0
      m_FlipV: 0
      m_SwapUV: 0
      m_Fill: 1
      m_Scale: {x: 1, y: 1}
      m_Offset: {x: 0, y: 0}
      m_Rotation: 0
      m_Anchor: 9
    m_Material: {fileID: 2100000, guid: 31321ba15b8f8eb4c954353edc038b1d, type: 2}
    m_SubmeshIndex: 0
    m_ManualUV: 0
    elementGroup: 0
    m_TextureGroup: 7
  - m_Indexes: c3000000c4000000c5000000
    m_SmoothingGroup: 0
    m_Uv:
      m_UseWorldSpace: 0
      m_FlipU: 0
      m_FlipV: 0
      m_SwapUV: 0
      m_Fill: 1
      m_Scale: {x: 1, y: 1}
      m_Offset: {x: 0, y: 0}
      m_Rotation: 0
      m_Anchor: 9
    m_Material: {fileID: 2100000, guid: 31321ba15b8f8eb4c954353edc038b1d, type: 2}
    m_SubmeshIndex: 0
    m_ManualUV: 0
    elementGroup: 0
    m_TextureGroup: 5
  - m_Indexes: c6000000c7000000c8000000
    m_SmoothingGroup: 0
    m_Uv:
      m_UseWorldSpace: 0
      m_FlipU: 0
      m_FlipV: 0
      m_SwapUV: 0
      m_Fill: 1
      m_Scale: {x: 1, y: 1}
      m_Offset: {x: 0, y: 0}
      m_Rotation: 0
      m_Anchor: 9
    m_Material: {fileID: 2100000, guid: 31321ba15b8f8eb4c954353edc038b1d, type: 2}
    m_SubmeshIndex: 0
    m_ManualUV: 0
    elementGroup: 0
    m_TextureGroup: 7
  - m_Indexes: c9000000ca000000cb000000
    m_SmoothingGroup: 0
    m_Uv:
      m_UseWorldSpace: 0
      m_FlipU: 0
      m_FlipV: 0
      m_SwapUV: 0
      m_Fill: 1
      m_Scale: {x: 1, y: 1}
      m_Offset: {x: 0, y: 0}
      m_Rotation: 0
      m_Anchor: 9
    m_Material: {fileID: 2100000, guid: 31321ba15b8f8eb4c954353edc038b1d, type: 2}
    m_SubmeshIndex: 0
    m_ManualUV: 0
    elementGroup: 0
    m_TextureGroup: 7
  - m_Indexes: cc000000cd000000ce000000
    m_SmoothingGroup: 0
    m_Uv:
      m_UseWorldSpace: 0
      m_FlipU: 0
      m_FlipV: 0
      m_SwapUV: 0
      m_Fill: 1
      m_Scale: {x: 1, y: 1}
      m_Offset: {x: 0, y: 0}
      m_Rotation: 0
      m_Anchor: 9
    m_Material: {fileID: 2100000, guid: 31321ba15b8f8eb4c954353edc038b1d, type: 2}
    m_SubmeshIndex: 0
    m_ManualUV: 0
    elementGroup: 0
    m_TextureGroup: 7
  - m_Indexes: cf000000d0000000d1000000
    m_SmoothingGroup: 0
    m_Uv:
      m_UseWorldSpace: 0
      m_FlipU: 0
      m_FlipV: 0
      m_SwapUV: 0
      m_Fill: 1
      m_Scale: {x: 1, y: 1}
      m_Offset: {x: 0, y: 0}
      m_Rotation: 0
      m_Anchor: 9
    m_Material: {fileID: 2100000, guid: 31321ba15b8f8eb4c954353edc038b1d, type: 2}
    m_SubmeshIndex: 0
    m_ManualUV: 0
    elementGroup: 0
    m_TextureGroup: 7
  - m_Indexes: d2000000d3000000d4000000
    m_SmoothingGroup: 0
    m_Uv:
      m_UseWorldSpace: 0
      m_FlipU: 0
      m_FlipV: 0
      m_SwapUV: 0
      m_Fill: 1
      m_Scale: {x: 1, y: 1}
      m_Offset: {x: 0, y: 0}
      m_Rotation: 0
      m_Anchor: 9
    m_Material: {fileID: 2100000, guid: 31321ba15b8f8eb4c954353edc038b1d, type: 2}
    m_SubmeshIndex: 0
    m_ManualUV: 0
    elementGroup: 0
    m_TextureGroup: 2
  - m_Indexes: d5000000d6000000d7000000
    m_SmoothingGroup: 0
    m_Uv:
      m_UseWorldSpace: 0
      m_FlipU: 0
      m_FlipV: 0
      m_SwapUV: 0
      m_Fill: 1
      m_Scale: {x: 1, y: 1}
      m_Offset: {x: 0, y: 0}
      m_Rotation: 0
      m_Anchor: 9
    m_Material: {fileID: 2100000, guid: 31321ba15b8f8eb4c954353edc038b1d, type: 2}
    m_SubmeshIndex: 0
    m_ManualUV: 0
    elementGroup: 0
    m_TextureGroup: 2
  - m_Indexes: d8000000d9000000da000000
    m_SmoothingGroup: 0
    m_Uv:
      m_UseWorldSpace: 0
      m_FlipU: 0
      m_FlipV: 0
      m_SwapUV: 0
      m_Fill: 1
      m_Scale: {x: 1, y: 1}
      m_Offset: {x: 0, y: 0}
      m_Rotation: 0
      m_Anchor: 9
    m_Material: {fileID: 2100000, guid: 31321ba15b8f8eb4c954353edc038b1d, type: 2}
    m_SubmeshIndex: 0
    m_ManualUV: 0
    elementGroup: 0
    m_TextureGroup: 2
  - m_Indexes: db000000dc000000dd000000
    m_SmoothingGroup: 0
    m_Uv:
      m_UseWorldSpace: 0
      m_FlipU: 0
      m_FlipV: 0
      m_SwapUV: 0
      m_Fill: 1
      m_Scale: {x: 1, y: 1}
      m_Offset: {x: 0, y: 0}
      m_Rotation: 0
      m_Anchor: 9
    m_Material: {fileID: 2100000, guid: 31321ba15b8f8eb4c954353edc038b1d, type: 2}
    m_SubmeshIndex: 0
    m_ManualUV: 0
    elementGroup: 0
    m_TextureGroup: 2
  - m_Indexes: de000000df000000e0000000df000000e1000000e0000000
    m_SmoothingGroup: 0
    m_Uv:
      m_UseWorldSpace: 0
      m_FlipU: 0
      m_FlipV: 0
      m_SwapUV: 0
      m_Fill: 1
      m_Scale: {x: 1, y: 1}
      m_Offset: {x: 0, y: 0}
      m_Rotation: 0
      m_Anchor: 9
    m_Material: {fileID: 0}
    m_SubmeshIndex: 0
    m_ManualUV: 0
    elementGroup: -1
    m_TextureGroup: -1
  - m_Indexes: e2000000e3000000e4000000e3000000e5000000e4000000
    m_SmoothingGroup: 0
    m_Uv:
      m_UseWorldSpace: 0
      m_FlipU: 0
      m_FlipV: 0
      m_SwapUV: 0
      m_Fill: 1
      m_Scale: {x: 1, y: 1}
      m_Offset: {x: 0, y: 0}
      m_Rotation: 0
      m_Anchor: 9
    m_Material: {fileID: 0}
    m_SubmeshIndex: 0
    m_ManualUV: 0
    elementGroup: -1
    m_TextureGroup: -1
  - m_Indexes: e6000000e7000000e8000000e7000000e9000000e8000000
    m_SmoothingGroup: 0
    m_Uv:
      m_UseWorldSpace: 0
      m_FlipU: 0
      m_FlipV: 0
      m_SwapUV: 0
      m_Fill: 1
      m_Scale: {x: 1, y: 1}
      m_Offset: {x: 0, y: 0}
      m_Rotation: 0
      m_Anchor: 9
    m_Material: {fileID: 0}
    m_SubmeshIndex: 0
    m_ManualUV: 0
    elementGroup: -1
    m_TextureGroup: -1
  - m_Indexes: ea000000eb000000ec000000eb000000ed000000ec000000
    m_SmoothingGroup: 0
    m_Uv:
      m_UseWorldSpace: 0
      m_FlipU: 0
      m_FlipV: 0
      m_SwapUV: 0
      m_Fill: 1
      m_Scale: {x: 1, y: 1}
      m_Offset: {x: 0, y: 0}
      m_Rotation: 0
      m_Anchor: 9
    m_Material: {fileID: 0}
    m_SubmeshIndex: 0
    m_ManualUV: 0
    elementGroup: -1
    m_TextureGroup: -1
  - m_Indexes: ee000000ef000000f0000000ef000000f1000000f0000000
    m_SmoothingGroup: 0
    m_Uv:
      m_UseWorldSpace: 0
      m_FlipU: 0
      m_FlipV: 0
      m_SwapUV: 0
      m_Fill: 1
      m_Scale: {x: 1, y: 1}
      m_Offset: {x: 0, y: 0}
      m_Rotation: 0
      m_Anchor: 9
    m_Material: {fileID: 0}
    m_SubmeshIndex: 0
    m_ManualUV: 0
    elementGroup: -1
    m_TextureGroup: -1
  - m_Indexes: f2000000f3000000f4000000f3000000f5000000f4000000
    m_SmoothingGroup: 0
    m_Uv:
      m_UseWorldSpace: 0
      m_FlipU: 0
      m_FlipV: 0
      m_SwapUV: 0
      m_Fill: 1
      m_Scale: {x: 1, y: 1}
      m_Offset: {x: 0, y: 0}
      m_Rotation: 0
      m_Anchor: 9
    m_Material: {fileID: 0}
    m_SubmeshIndex: 0
    m_ManualUV: 0
    elementGroup: -1
    m_TextureGroup: -1
  - m_Indexes: f6000000f7000000f8000000f7000000f9000000f8000000
    m_SmoothingGroup: 0
    m_Uv:
      m_UseWorldSpace: 0
      m_FlipU: 0
      m_FlipV: 0
      m_SwapUV: 0
      m_Fill: 1
      m_Scale: {x: 1, y: 1}
      m_Offset: {x: 0, y: 0}
      m_Rotation: 0
      m_Anchor: 9
    m_Material: {fileID: 0}
    m_SubmeshIndex: 0
    m_ManualUV: 0
    elementGroup: -1
    m_TextureGroup: -1
  - m_Indexes: fa000000fb000000fc000000fb000000fd000000fc000000
    m_SmoothingGroup: 0
    m_Uv:
      m_UseWorldSpace: 0
      m_FlipU: 0
      m_FlipV: 0
      m_SwapUV: 0
      m_Fill: 1
      m_Scale: {x: 1, y: 1}
      m_Offset: {x: 0, y: 0}
      m_Rotation: 0
      m_Anchor: 9
    m_Material: {fileID: 0}
    m_SubmeshIndex: 0
    m_ManualUV: 0
    elementGroup: -1
    m_TextureGroup: -1
  - m_Indexes: fe000000ff00000000010000ff0000000101000000010000
    m_SmoothingGroup: 0
    m_Uv:
      m_UseWorldSpace: 0
      m_FlipU: 0
      m_FlipV: 0
      m_SwapUV: 0
      m_Fill: 1
      m_Scale: {x: 1, y: 1}
      m_Offset: {x: 0, y: 0}
      m_Rotation: 0
      m_Anchor: 9
    m_Material: {fileID: 0}
    m_SubmeshIndex: 0
    m_ManualUV: 0
    elementGroup: -1
    m_TextureGroup: -1
  - m_Indexes: 020100000301000004010000030100000501000004010000
    m_SmoothingGroup: 0
    m_Uv:
      m_UseWorldSpace: 0
      m_FlipU: 0
      m_FlipV: 0
      m_SwapUV: 0
      m_Fill: 1
      m_Scale: {x: 1, y: 1}
      m_Offset: {x: 0, y: 0}
      m_Rotation: 0
      m_Anchor: 9
    m_Material: {fileID: 0}
    m_SubmeshIndex: 0
    m_ManualUV: 0
    elementGroup: -1
    m_TextureGroup: -1
  - m_Indexes: 060100000701000008010000070100000901000008010000
    m_SmoothingGroup: 0
    m_Uv:
      m_UseWorldSpace: 0
      m_FlipU: 0
      m_FlipV: 0
      m_SwapUV: 0
      m_Fill: 1
      m_Scale: {x: 1, y: 1}
      m_Offset: {x: 0, y: 0}
      m_Rotation: 0
      m_Anchor: 9
    m_Material: {fileID: 0}
    m_SubmeshIndex: 0
    m_ManualUV: 0
    elementGroup: -1
    m_TextureGroup: -1
  - m_Indexes: 0a0100000b0100000c0100000b0100000d0100000c010000
    m_SmoothingGroup: 0
    m_Uv:
      m_UseWorldSpace: 0
      m_FlipU: 0
      m_FlipV: 0
      m_SwapUV: 0
      m_Fill: 1
      m_Scale: {x: 1, y: 1}
      m_Offset: {x: 0, y: 0}
      m_Rotation: 0
      m_Anchor: 9
    m_Material: {fileID: 0}
    m_SubmeshIndex: 0
    m_ManualUV: 0
    elementGroup: -1
    m_TextureGroup: -1
  - m_Indexes: 130100000f0100000e010000110100001001000012010000120100001001000013010000100100000f01000013010000
    m_SmoothingGroup: 0
    m_Uv:
      m_UseWorldSpace: 0
      m_FlipU: 0
      m_FlipV: 0
      m_SwapUV: 0
      m_Fill: 1
      m_Scale: {x: 1, y: 1}
      m_Offset: {x: 0, y: 0}
      m_Rotation: 0
      m_Anchor: 9
    m_Material: {fileID: 2100000, guid: 31321ba15b8f8eb4c954353edc038b1d, type: 2}
    m_SubmeshIndex: 0
    m_ManualUV: 0
    elementGroup: 0
    m_TextureGroup: -1
  m_SharedVertices:
  - m_Vertices: 00000000120000001e000000ee000000f3000000
  - m_Vertices: 080100000d01000010010000
  - m_Vertices: f0000000f5000000060100000b010000
  - m_Vertices: 010000000300000006000000200000002600000027000000
  - m_Vertices: 0200000008000000090000000c000000ea000000ef000000
  - m_Vertices: 04010000090100000f010000
  - m_Vertices: ec000000f10000000201000007010000
  - m_Vertices: 04000000290000003a00000042000000b9000000
  - m_Vertices: 05000000070000000a00000037000000390000003c000000
  - m_Vertices: 0b0000000d0000002e00000036000000ad000000
  - m_Vertices: 0e0000002b0000002d00000030000000de000000eb000000
  - m_Vertices: f8000000050100000e010000
  - m_Vertices: e0000000ed000000f600000003010000
  - m_Vertices: f90000000001000013010000
  - m_Vertices: e1000000e8000000f7000000fe000000
  - m_Vertices: 2a0000005e000000dd000000df000000e6000000
  - m_Vertices: fd0000000c01000011010000
  - m_Vertices: e5000000f4000000fb0000000a010000
  - m_Vertices: 0f000000130000001500000018000000e3000000f2000000
  - m_Vertices: fc0000000101000012010000
  - m_Vertices: e4000000e9000000fa000000ff000000
  - m_Vertices: 100000005b0000005d00000060000000e2000000e7000000
  - m_Vertices: 1100000016000000520000005a000000d1000000
  - m_Vertices: 140000001a0000001b0000001f0000002100000024000000
  - m_Vertices: 17000000190000001c0000004f0000005100000054000000
  - m_Vertices: 1d00000022000000460000004e000000c5000000
  - m_Vertices: 230000002500000028000000430000004500000048000000
  - m_Vertices: 2c0000003200000033000000d4000000da000000db000000
  - m_Vertices: 2f0000003100000034000000a7000000a9000000ac000000
  - m_Vertices: 350000006a000000a1000000a6000000d2000000
  - m_Vertices: 380000003e0000003f000000a4000000aa000000ab000000
  - m_Vertices: 3b0000003d00000040000000b3000000b5000000b8000000
  - m_Vertices: 410000007100000076000000a2000000b2000000
  - m_Vertices: 440000004a0000004b000000b0000000b6000000b7000000
  - m_Vertices: 47000000490000004c000000bf000000c1000000c4000000
  - m_Vertices: 4d0000007d00000082000000ae000000be000000
  - m_Vertices: 500000005600000057000000bc000000c2000000c3000000
  - m_Vertices: 530000005500000058000000cb000000cd000000d0000000
  - m_Vertices: 59000000890000008e000000ba000000ca000000
  - m_Vertices: 5c0000006200000063000000c8000000ce000000cf000000
  - m_Vertices: 5f0000006100000064000000d7000000d9000000dc000000
  - m_Vertices: 65000000950000009a000000c6000000d6000000
  - m_Vertices: 66000000720000007e0000008a00000096000000
  - m_Vertices: 67000000690000006c000000980000009e0000009f000000
  - m_Vertices: 680000006e0000006f000000730000007500000078000000
  - m_Vertices: 6b0000006d00000070000000a3000000a5000000a8000000
  - m_Vertices: 740000007a0000007b0000007f0000008100000084000000
  - m_Vertices: 77000000790000007c000000af000000b1000000b4000000
  - m_Vertices: 8000000086000000870000008b0000008d00000090000000
  - m_Vertices: 830000008500000088000000bb000000bd000000c0000000
  - m_Vertices: 8c000000920000009300000097000000990000009c000000
  - m_Vertices: 8f0000009100000094000000c7000000c9000000cc000000
  - m_Vertices: 9b0000009d000000a0000000d3000000d5000000d8000000
  m_SharedTextures: []
  m_Positions:
  - {x: -0.026435852, y: 0.10568726, z: 0.00081062317}
  - {x: -0.050925255, y: 0.072447896, z: 0.02684021}
  - {x: -0.0077028275, y: 0.10174072, z: 0.04292679}
  - {x: -0.050925255, y: 0.072447896, z: 0.02684021}
  - {x: -0.09272194, y: -0.01710701, z: 0.033771515}
  - {x: -0.024211884, y: 0.05434394, z: 0.08243561}
  - {x: -0.050925255, y: 0.072447896, z: 0.02684021}
  - {x: -0.024211884, y: 0.05434394, z: 0.08243561}
  - {x: -0.0077028275, y: 0.10174072, z: 0.04292679}
  - {x: -0.0077028275, y: 0.10174072, z: 0.04292679}
  - {x: -0.024211884, y: 0.05434394, z: 0.08243561}
  - {x: 0.019010544, y: 0.081578135, z: 0.084098816}
  - {x: -0.0077028275, y: 0.10174072, z: 0.04292679}
  - {x: 0.019010544, y: 0.081578135, z: 0.084098816}
  - {x: 0.045723915, y: 0.10174072, z: 0.048664093}
  - {x: -0.0077028275, y: 0.10174072, z: -0.04130745}
  - {x: 0.045723915, y: 0.10174072, z: -0.04130745}
  - {x: 0.019010544, y: 0.07488704, z: -0.076927185}
  - {x: -0.026435852, y: 0.10568726, z: 0.00081062317}
  - {x: -0.0077028275, y: 0.10174072, z: -0.04130745}
  - {x: -0.050925255, y: 0.072447896, z: -0.025218964}
  - {x: -0.0077028275, y: 0.10174072, z: -0.04130745}
  - {x: 0.019010544, y: 0.07488704, z: -0.076927185}
  - {x: -0.024211884, y: 0.05434394, z: -0.06733513}
  - {x: -0.0077028275, y: 0.10174072, z: -0.04130745}
  - {x: -0.024211884, y: 0.05434394, z: -0.06733513}
  - {x: -0.050925255, y: 0.072447896, z: -0.025218964}
  - {x: -0.050925255, y: 0.072447896, z: -0.025218964}
  - {x: -0.024211884, y: 0.05434394, z: -0.06733513}
  - {x: -0.09963608, y: -0.01710701, z: -0.06485367}
  - {x: -0.026435852, y: 0.10568726, z: 0.00081062317}
  - {x: -0.050925255, y: 0.072447896, z: -0.025218964}
  - {x: -0.050925255, y: 0.072447896, z: 0.02684021}
  - {x: -0.050925255, y: 0.072447896, z: -0.025218964}
  - {x: -0.09963608, y: -0.01710701, z: -0.06485367}
  - {x: -0.11740589, y: -0.01710701, z: -0.0066890717}
  - {x: -0.050925255, y: 0.072447896, z: -0.025218964}
  - {x: -0.11740589, y: -0.01710701, z: -0.0066890717}
  - {x: -0.050925255, y: 0.072447896, z: 0.02684021}
  - {x: -0.050925255, y: 0.072447896, z: 0.02684021}
  - {x: -0.11740589, y: -0.01710701, z: -0.0066890717}
  - {x: -0.09272194, y: -0.01710701, z: 0.033771515}
  - {x: 0.06445885, y: 0.10568726, z: 0.00081062317}
  - {x: 0.045723915, y: 0.10174072, z: 0.048664093}
  - {x: 0.088947296, y: 0.072447896, z: 0.02684021}
  - {x: 0.045723915, y: 0.10174072, z: 0.048664093}
  - {x: 0.019010544, y: 0.081578135, z: 0.084098816}
  - {x: 0.062233925, y: 0.06264281, z: 0.07539368}
  - {x: 0.045723915, y: 0.10174072, z: 0.048664093}
  - {x: 0.062233925, y: 0.06264281, z: 0.07539368}
  - {x: 0.088947296, y: 0.072447896, z: 0.02684021}
  - {x: 0.088947296, y: 0.072447896, z: 0.02684021}
  - {x: 0.062233925, y: 0.06264281, z: 0.07539368}
  - {x: 0.10044861, y: -0.01710701, z: 0.07775307}
  - {x: 0.019010544, y: 0.081578135, z: 0.084098816}
  - {x: -0.024211884, y: 0.05434394, z: 0.08243561}
  - {x: 0.0038633347, y: -0.024706006, z: 0.12531853}
  - {x: -0.024211884, y: 0.05434394, z: 0.08243561}
  - {x: -0.09272194, y: -0.01710701, z: 0.033771515}
  - {x: -0.052907944, y: -0.05558169, z: 0.10052109}
  - {x: -0.024211884, y: 0.05434394, z: 0.08243561}
  - {x: -0.052907944, y: -0.05558169, z: 0.10052109}
  - {x: 0.0038633347, y: -0.024706006, z: 0.12531853}
  - {x: 0.0038633347, y: -0.024706006, z: 0.12531853}
  - {x: -0.052907944, y: -0.05558169, z: 0.10052109}
  - {x: 0.0038633347, y: -0.082564116, z: 0.11033058}
  - {x: -0.09272194, y: -0.01710701, z: 0.033771515}
  - {x: -0.11740589, y: -0.01710701, z: -0.0066890717}
  - {x: -0.09468174, y: -0.079360366, z: -0.017288208}
  - {x: -0.11740589, y: -0.01710701, z: -0.0066890717}
  - {x: -0.09963608, y: -0.01710701, z: -0.06485367}
  - {x: -0.09468174, y: -0.079360366, z: -0.040878296}
  - {x: -0.11740589, y: -0.01710701, z: -0.0066890717}
  - {x: -0.09468174, y: -0.079360366, z: -0.040878296}
  - {x: -0.09468174, y: -0.079360366, z: -0.017288208}
  - {x: -0.09468174, y: -0.079360366, z: -0.017288208}
  - {x: -0.09468174, y: -0.079360366, z: -0.040878296}
  - {x: -0.060975075, y: -0.12301874, z: -0.0066890717}
  - {x: -0.09963608, y: -0.01710701, z: -0.06485367}
  - {x: -0.024211884, y: 0.05434394, z: -0.06733513}
  - {x: -0.05791378, y: -0.05558169, z: -0.09619522}
  - {x: -0.024211884, y: 0.05434394, z: -0.06733513}
  - {x: 0.019010544, y: 0.07488704, z: -0.076927185}
  - {x: 0.0038633347, y: -0.01710701, z: -0.12531853}
  - {x: -0.024211884, y: 0.05434394, z: -0.06733513}
  - {x: 0.0038633347, y: -0.01710701, z: -0.12531853}
  - {x: -0.05791378, y: -0.05558169, z: -0.09619522}
  - {x: -0.05791378, y: -0.05558169, z: -0.09619522}
  - {x: 0.0038633347, y: -0.01710701, z: -0.12531853}
  - {x: 0.0038633347, y: -0.08256409, z: -0.10080228}
  - {x: 0.019010544, y: 0.07488704, z: -0.076927185}
  - {x: 0.045723915, y: 0.10174072, z: -0.04130745}
  - {x: 0.062233925, y: 0.05434394, z: -0.07341957}
  - {x: 0.045723915, y: 0.10174072, z: -0.04130745}
  - {x: 0.06445885, y: 0.10568726, z: 0.00081062317}
  - {x: 0.088947296, y: 0.072447896, z: -0.025218964}
  - {x: 0.045723915, y: 0.10174072, z: -0.04130745}
  - {x: 0.088947296, y: 0.072447896, z: -0.025218964}
  - {x: 0.062233925, y: 0.05434394, z: -0.07341957}
  - {x: 0.062233925, y: 0.05434394, z: -0.07341957}
  - {x: 0.088947296, y: 0.072447896, z: -0.025218964}
  - {x: 0.10044861, y: -0.01710701, z: -0.074193954}
  - {x: 0.06355667, y: -0.12301874, z: 0.0017795563}
  - {x: 0.095721245, y: -0.079360366, z: 0.04643631}
  - {x: 0.038949966, y: -0.117835164, z: 0.074035645}
  - {x: 0.095721245, y: -0.079360366, z: 0.04643631}
  - {x: 0.10044861, y: -0.01710701, z: 0.07775307}
  - {x: 0.060634613, y: -0.05558169, z: 0.11869049}
  - {x: 0.095721245, y: -0.079360366, z: 0.04643631}
  - {x: 0.060634613, y: -0.05558169, z: 0.11869049}
  - {x: 0.038949966, y: -0.117835164, z: 0.074035645}
  - {x: 0.038949966, y: -0.117835164, z: 0.074035645}
  - {x: 0.060634613, y: -0.05558169, z: 0.11869049}
  - {x: 0.0038633347, y: -0.082564116, z: 0.11033058}
  - {x: 0.06355667, y: -0.12301874, z: 0.0017795563}
  - {x: 0.038949966, y: -0.117835164, z: 0.074035645}
  - {x: 0.0038633347, y: -0.14161378, z: -0.0066890717}
  - {x: 0.038949966, y: -0.117835164, z: 0.074035645}
  - {x: 0.0038633347, y: -0.082564116, z: 0.11033058}
  - {x: -0.035190582, y: -0.117835164, z: 0.04862976}
  - {x: 0.038949966, y: -0.117835164, z: 0.074035645}
  - {x: -0.035190582, y: -0.117835164, z: 0.04862976}
  - {x: 0.0038633347, y: -0.14161378, z: -0.0066890717}
  - {x: 0.0038633347, y: -0.14161378, z: -0.0066890717}
  - {x: -0.035190582, y: -0.117835164, z: 0.04862976}
  - {x: -0.060975075, y: -0.12301874, z: -0.0066890717}
  - {x: 0.06355667, y: -0.12301874, z: 0.0017795563}
  - {x: 0.0038633347, y: -0.14161378, z: -0.0066890717}
  - {x: 0.038949966, y: -0.117835164, z: -0.07047653}
  - {x: 0.0038633347, y: -0.14161378, z: -0.0066890717}
  - {x: -0.060975075, y: -0.12301874, z: -0.0066890717}
  - {x: -0.035190582, y: -0.117835164, z: -0.062007904}
  - {x: 0.0038633347, y: -0.14161378, z: -0.0066890717}
  - {x: -0.035190582, y: -0.117835164, z: -0.062007904}
  - {x: 0.038949966, y: -0.117835164, z: -0.07047653}
  - {x: 0.038949966, y: -0.117835164, z: -0.07047653}
  - {x: -0.035190582, y: -0.117835164, z: -0.062007904}
  - {x: 0.0038633347, y: -0.08256409, z: -0.10080228}
  - {x: 0.06355667, y: -0.12301874, z: 0.0017795563}
  - {x: 0.038949966, y: -0.117835164, z: -0.07047653}
  - {x: 0.095721245, y: -0.079360366, z: -0.042877197}
  - {x: 0.038949966, y: -0.117835164, z: -0.07047653}
  - {x: 0.0038633347, y: -0.08256409, z: -0.10080228}
  - {x: 0.060634613, y: -0.05558169, z: -0.11513138}
  - {x: 0.038949966, y: -0.117835164, z: -0.07047653}
  - {x: 0.060634613, y: -0.05558169, z: -0.11513138}
  - {x: 0.095721245, y: -0.079360366, z: -0.042877197}
  - {x: 0.095721245, y: -0.079360366, z: -0.042877197}
  - {x: 0.060634613, y: -0.05558169, z: -0.11513138}
  - {x: 0.10044861, y: -0.01710701, z: -0.074193954}
  - {x: 0.06355667, y: -0.12301874, z: 0.0017795563}
  - {x: 0.095721245, y: -0.079360366, z: -0.042877197}
  - {x: 0.095721245, y: -0.079360366, z: 0.04643631}
  - {x: 0.095721245, y: -0.079360366, z: -0.042877197}
  - {x: 0.10044861, y: -0.01710701, z: -0.074193954}
  - {x: 0.11740589, y: -0.01710701, z: 0.0017795563}
  - {x: 0.095721245, y: -0.079360366, z: -0.042877197}
  - {x: 0.11740589, y: -0.01710701, z: 0.0017795563}
  - {x: 0.095721245, y: -0.079360366, z: 0.04643631}
  - {x: 0.095721245, y: -0.079360366, z: 0.04643631}
  - {x: 0.11740589, y: -0.01710701, z: 0.0017795563}
  - {x: 0.10044861, y: -0.01710701, z: 0.07775307}
  - {x: 0.0038633347, y: -0.082564116, z: 0.11033058}
  - {x: 0.060634613, y: -0.05558169, z: 0.11869049}
  - {x: 0.0038633347, y: -0.024706006, z: 0.12531853}
  - {x: 0.060634613, y: -0.05558169, z: 0.11869049}
  - {x: 0.10044861, y: -0.01710701, z: 0.07775307}
  - {x: 0.062233925, y: 0.06264281, z: 0.07539368}
  - {x: 0.060634613, y: -0.05558169, z: 0.11869049}
  - {x: 0.062233925, y: 0.06264281, z: 0.07539368}
  - {x: 0.0038633347, y: -0.024706006, z: 0.12531853}
  - {x: 0.0038633347, y: -0.024706006, z: 0.12531853}
  - {x: 0.062233925, y: 0.06264281, z: 0.07539368}
  - {x: 0.019010544, y: 0.081578135, z: 0.084098816}
  - {x: -0.060975075, y: -0.12301874, z: -0.0066890717}
  - {x: -0.035190582, y: -0.117835164, z: 0.04862976}
  - {x: -0.09468174, y: -0.079360366, z: -0.017288208}
  - {x: -0.035190582, y: -0.117835164, z: 0.04862976}
  - {x: 0.0038633347, y: -0.082564116, z: 0.11033058}
  - {x: -0.052907944, y: -0.05558169, z: 0.10052109}
  - {x: -0.035190582, y: -0.117835164, z: 0.04862976}
  - {x: -0.052907944, y: -0.05558169, z: 0.10052109}
  - {x: -0.09468174, y: -0.079360366, z: -0.017288208}
  - {x: -0.09468174, y: -0.079360366, z: -0.017288208}
  - {x: -0.052907944, y: -0.05558169, z: 0.10052109}
  - {x: -0.09272194, y: -0.01710701, z: 0.033771515}
  - {x: 0.0038633347, y: -0.08256409, z: -0.10080228}
  - {x: -0.035190582, y: -0.117835164, z: -0.062007904}
  - {x: -0.05791378, y: -0.05558169, z: -0.09619522}
  - {x: -0.035190582, y: -0.117835164, z: -0.062007904}
  - {x: -0.060975075, y: -0.12301874, z: -0.0066890717}
  - {x: -0.09468174, y: -0.079360366, z: -0.040878296}
  - {x: -0.035190582, y: -0.117835164, z: -0.062007904}
  - {x: -0.09468174, y: -0.079360366, z: -0.040878296}
  - {x: -0.05791378, y: -0.05558169, z: -0.09619522}
  - {x: -0.05791378, y: -0.05558169, z: -0.09619522}
  - {x: -0.09468174, y: -0.079360366, z: -0.040878296}
  - {x: -0.09963608, y: -0.01710701, z: -0.06485367}
  - {x: 0.10044861, y: -0.01710701, z: -0.074193954}
  - {x: 0.060634613, y: -0.05558169, z: -0.11513138}
  - {x: 0.062233925, y: 0.05434394, z: -0.07341957}
  - {x: 0.060634613, y: -0.05558169, z: -0.11513138}
  - {x: 0.0038633347, y: -0.08256409, z: -0.10080228}
  - {x: 0.0038633347, y: -0.01710701, z: -0.12531853}
  - {x: 0.060634613, y: -0.05558169, z: -0.11513138}
  - {x: 0.0038633347, y: -0.01710701, z: -0.12531853}
  - {x: 0.062233925, y: 0.05434394, z: -0.07341957}
  - {x: 0.062233925, y: 0.05434394, z: -0.07341957}
  - {x: 0.0038633347, y: -0.01710701, z: -0.12531853}
  - {x: 0.019010544, y: 0.07488704, z: -0.076927185}
  - {x: 0.10044861, y: -0.01710701, z: 0.07775307}
  - {x: 0.11740589, y: -0.01710701, z: 0.0017795563}
  - {x: 0.088947296, y: 0.072447896, z: 0.02684021}
  - {x: 0.11740589, y: -0.01710701, z: 0.0017795563}
  - {x: 0.10044861, y: -0.01710701, z: -0.074193954}
  - {x: 0.088947296, y: 0.072447896, z: -0.025218964}
  - {x: 0.11740589, y: -0.01710701, z: 0.0017795563}
  - {x: 0.088947296, y: 0.072447896, z: -0.025218964}
  - {x: 0.088947296, y: 0.072447896, z: 0.02684021}
  - {x: 0.088947296, y: 0.072447896, z: 0.02684021}
  - {x: 0.088947296, y: 0.072447896, z: -0.025218964}
  - {x: 0.06445885, y: 0.10568726, z: 0.00081062317}
  - {x: 0.045723915, y: 0.10174072, z: 0.048664093}
  - {x: 0.06445885, y: 0.10568726, z: 0.00081062317}
  - {x: 0.010492325, y: 0.122538805, z: 0.008239746}
  - {x: 0.015140533, y: 0.12351799, z: -0.0036334991}
  - {x: 0.045723915, y: 0.10174072, z: -0.04130745}
  - {x: -0.0077028275, y: 0.10174072, z: -0.04130745}
  - {x: 0.010492325, y: 0.122538805, z: -0.014083862}
  - {x: -0.0027647018, y: 0.122538805, z: -0.014083862}
  - {x: 0.06445885, y: 0.10568726, z: 0.00081062317}
  - {x: 0.045723915, y: 0.10174072, z: -0.04130745}
  - {x: 0.015140533, y: 0.12351799, z: -0.0036334991}
  - {x: 0.010492325, y: 0.122538805, z: -0.014083862}
  - {x: -0.0077028275, y: 0.10174072, z: 0.04292679}
  - {x: 0.045723915, y: 0.10174072, z: 0.048664093}
  - {x: -0.0027647018, y: 0.122538805, z: 0.006816864}
  - {x: 0.010492325, y: 0.122538805, z: 0.008239746}
  - {x: -0.026435852, y: 0.10568726, z: 0.00081062317}
  - {x: -0.0077028275, y: 0.10174072, z: 0.04292679}
  - {x: -0.007411957, y: 0.12351799, z: -0.0036334991}
  - {x: -0.0027647018, y: 0.122538805, z: 0.006816864}
  - {x: -0.0077028275, y: 0.10174072, z: -0.04130745}
  - {x: -0.026435852, y: 0.10568726, z: 0.00081062317}
  - {x: -0.0027647018, y: 0.122538805, z: -0.014083862}
  - {x: -0.007411957, y: 0.12351799, z: -0.0036334991}
  - {x: 0.010492325, y: 0.122538805, z: 0.008239746}
  - {x: 0.015140533, y: 0.12351799, z: -0.0036334991}
  - {x: 0.01599884, y: 0.13982093, z: 0.017513275}
  - {x: 0.02450943, y: 0.14161372, z: -0.004224777}
  - {x: 0.010492325, y: 0.122538805, z: -0.014083862}
  - {x: -0.0027647018, y: 0.122538805, z: -0.014083862}
  - {x: 0.01599884, y: 0.13982093, z: -0.023357391}
  - {x: -0.008272171, y: 0.13982093, z: -0.023357391}
  - {x: 0.015140533, y: 0.12351799, z: -0.0036334991}
  - {x: 0.010492325, y: 0.122538805, z: -0.014083862}
  - {x: 0.02450943, y: 0.14161372, z: -0.004224777}
  - {x: 0.01599884, y: 0.13982093, z: -0.023357391}
  - {x: -0.0027647018, y: 0.122538805, z: 0.006816864}
  - {x: 0.010492325, y: 0.122538805, z: 0.008239746}
  - {x: -0.008272171, y: 0.13982093, z: 0.014907837}
  - {x: 0.01599884, y: 0.13982093, z: 0.017513275}
  - {x: -0.007411957, y: 0.12351799, z: -0.0036334991}
  - {x: -0.0027647018, y: 0.122538805, z: 0.006816864}
  - {x: -0.016780853, y: 0.14161372, z: -0.004224777}
  - {x: -0.008272171, y: 0.13982093, z: 0.014907837}
  - {x: -0.0027647018, y: 0.122538805, z: -0.014083862}
  - {x: -0.007411957, y: 0.12351799, z: -0.0036334991}
  - {x: -0.008272171, y: 0.13982093, z: -0.023357391}
  - {x: -0.016780853, y: 0.14161372, z: -0.004224777}
  - {x: 0.01599884, y: 0.13982093, z: 0.017513275}
  - {x: -0.008272171, y: 0.13982093, z: 0.014907837}
  - {x: -0.016780853, y: 0.14161372, z: -0.004224777}
  - {x: -0.008272171, y: 0.13982093, z: -0.023357391}
  - {x: 0.01599884, y: 0.13982093, z: -0.023357391}
  - {x: 0.02450943, y: 0.14161372, z: -0.004224777}
  m_Textures0:
  - {x: -0.02583753, y: 0.004736002}
  - {x: -0.050514583, y: 0.029519824}
  - {x: -0.00712713, y: 0.046672855}
  - {x: -0.026395442, y: 0.066624194}
  - {x: -0.032962278, y: -0.026858931}
  - {x: -0.08222151, y: 0.051398985}
  - {x: 0.048288453, y: 0.0677493}
  - {x: 0.016655365, y: 0.042902976}
  - {x: 0.0037880233, y: 0.09521525}
  - {x: 0.0037880233, y: 0.09521525}
  - {x: 0.016655365, y: 0.042902976}
  - {x: -0.026540307, y: 0.07019871}
  - {x: -0.00712713, y: 0.046672855}
  - {x: 0.01947175, y: 0.08706302}
  - {x: 0.04629876, y: 0.052395}
  - {x: -0.00712713, y: -0.037503406}
  - {x: 0.04629876, y: -0.03751462}
  - {x: 0.019433897, y: -0.07410035}
  - {x: -0.02583753, y: 0.004736002}
  - {x: -0.00712713, y: -0.037503406}
  - {x: -0.050514583, y: -0.02250352}
  - {x: -0.005505527, y: 0.09573947}
  - {x: 0.023055833, y: 0.064829126}
  - {x: -0.020613732, y: 0.04535779}
  - {x: -0.005505527, y: 0.09573947}
  - {x: -0.020613732, y: 0.04535779}
  - {x: -0.04951896, y: 0.06839741}
  - {x: 0.02566176, y: 0.06667223}
  - {x: 0.06754355, y: 0.051537164}
  - {x: 0.06571942, y: -0.027499974}
  - {x: -0.0005802365, y: 0.10229355}
  - {x: 0.02566176, y: 0.06667223}
  - {x: -0.026395442, y: 0.066624194}
  - {x: 0.02566176, y: 0.06667223}
  - {x: 0.06571942, y: -0.027499974}
  - {x: 0.0077118664, y: -0.029435012}
  - {x: 0.02566176, y: 0.06667223}
  - {x: 0.0077118664, y: -0.029435012}
  - {x: -0.026395442, y: 0.066624194}
  - {x: -0.026395442, y: 0.066624194}
  - {x: 0.0077118664, y: -0.029435012}
  - {x: -0.032962278, y: -0.026858931}
  - {x: 0.06505572, y: 0.0047169277}
  - {x: 0.04629876, y: 0.052395}
  - {x: 0.08935573, y: 0.02949047}
  - {x: -0.049938675, y: 0.095100544}
  - {x: -0.026540307, y: 0.07019871}
  - {x: -0.06879899, y: 0.05306309}
  - {x: -0.049938675, y: 0.095100544}
  - {x: -0.06879899, y: 0.05306309}
  - {x: -0.091010615, y: 0.0693973}
  - {x: 0.02727725, y: 0.07028317}
  - {x: 0.07569878, y: 0.06113145}
  - {x: 0.07824605, y: -0.019517196}
  - {x: -0.026540307, y: 0.07019871}
  - {x: 0.016655365, y: 0.042902976}
  - {x: -0.015183998, y: -0.040705197}
  - {x: 0.016655365, y: 0.042902976}
  - {x: 0.08928675, y: -0.022434281}
  - {x: 0.04359773, y: -0.06877027}
  - {x: 0.016655365, y: 0.042902976}
  - {x: 0.04359773, y: -0.06877027}
  - {x: -0.015183998, y: -0.040705197}
  - {x: -0.015183998, y: -0.040705197}
  - {x: 0.04359773, y: -0.06877027}
  - {x: -0.013828167, y: -0.09612636}
  - {x: -0.032962278, y: -0.026858931}
  - {x: 0.0077118664, y: -0.029435012}
  - {x: 0.018112587, y: -0.08892275}
  - {x: 0.0077118664, y: -0.029435012}
  - {x: 0.06571942, y: -0.027499974}
  - {x: 0.041701782, y: -0.08890098}
  - {x: 0.0077118664, y: -0.029435012}
  - {x: 0.041701782, y: -0.08890098}
  - {x: 0.018112587, y: -0.08892275}
  - {x: 0.018112587, y: -0.08892275}
  - {x: 0.041701782, y: -0.08890098}
  - {x: 0.007220141, y: -0.1287768}
  - {x: -0.09606354, y: -0.025722586}
  - {x: -0.020613732, y: 0.04535779}
  - {x: -0.05274075, y: -0.06752992}
  - {x: -0.020613732, y: 0.04535779}
  - {x: 0.023055833, y: 0.064829126}
  - {x: 0.010491327, y: -0.032581374}
  - {x: -0.020613732, y: 0.04535779}
  - {x: 0.010491327, y: -0.032581374}
  - {x: -0.05274075, y: -0.06752992}
  - {x: -0.05274075, y: -0.06752992}
  - {x: 0.010491327, y: -0.032581374}
  - {x: 0.009193623, y: -0.09446716}
  - {x: 0.023055833, y: 0.064829126}
  - {x: 0.047846317, y: 0.09609277}
  - {x: 0.06603295, y: 0.04517038}
  - {x: 0.04629876, y: -0.03751462}
  - {x: 0.06505572, y: 0.0047169277}
  - {x: 0.08935573, y: -0.022532873}
  - {x: 0.047846317, y: 0.09609277}
  - {x: 0.0901575, y: 0.069322355}
  - {x: 0.06603295, y: 0.04517038}
  - {x: -0.073112674, y: 0.052817333}
  - {x: -0.024781296, y: 0.07027699}
  - {x: -0.07369915, y: -0.019535229}
  - {x: -0.06966148, y: 0.003410232}
  - {x: -0.0995903, y: 0.04744657}
  - {x: -0.044825282, y: 0.07560592}
  - {x: 0.046906423, y: -0.08164203}
  - {x: 0.07824605, y: -0.019517196}
  - {x: 0.11898721, y: -0.057014868}
  - {x: -0.09952948, y: -0.083579846}
  - {x: -0.07112293, y: -0.06978926}
  - {x: -0.045487646, y: -0.12597573}
  - {x: -0.045487646, y: -0.12597573}
  - {x: -0.07112293, y: -0.06978926}
  - {x: -0.013828167, y: -0.09612636}
  - {x: -0.06966148, y: 0.003410232}
  - {x: -0.044825282, y: 0.07560592}
  - {x: -0.010978578, y: -0.004763613}
  - {x: -0.044825282, y: 0.07560592}
  - {x: -0.008009649, y: 0.111441456}
  - {x: 0.0292215, y: 0.050253194}
  - {x: -0.044825282, y: 0.07560592}
  - {x: 0.0292215, y: 0.050253194}
  - {x: -0.010978578, y: -0.004763613}
  - {x: -0.010978578, y: -0.004763613}
  - {x: 0.0292215, y: 0.050253194}
  - {x: 0.054712757, y: -0.0049722805}
  - {x: -0.06966148, y: 0.003410232}
  - {x: -0.010978578, y: -0.004763613}
  - {x: -0.044825282, y: -0.06889284}
  - {x: -0.010978578, y: -0.004763613}
  - {x: 0.054712757, y: -0.0049722805}
  - {x: 0.0292215, y: -0.060374197}
  - {x: -0.010978578, y: -0.004763613}
  - {x: 0.0292215, y: -0.060374197}
  - {x: -0.044825282, y: -0.06889284}
  - {x: -0.044825282, y: -0.06889284}
  - {x: 0.0292215, y: -0.060374197}
  - {x: -0.008009648, y: -0.099671796}
  - {x: -0.06966148, y: 0.003410232}
  - {x: -0.044825282, y: -0.06889284}
  - {x: -0.0995903, y: -0.04185864}
  - {x: 0.042625852, y: -0.12544665}
  - {x: 0.009193623, y: -0.09446716}
  - {x: 0.06664379, y: -0.06910833}
  - {x: 0.042625852, y: -0.12544665}
  - {x: 0.06664379, y: -0.06910833}
  - {x: 0.09785665, y: -0.083454736}
  - {x: -0.042406008, y: -0.081652634}
  - {x: -0.11483184, y: -0.057042617}
  - {x: -0.07369915, y: -0.019535229}
  - {x: 0.00209205, y: -0.12451667}
  - {x: -0.042406008, y: -0.081652634}
  - {x: 0.046906423, y: -0.08164203}
  - {x: -0.042406008, y: -0.081652634}
  - {x: -0.07369915, y: -0.019535229}
  - {x: 0.0023568321, y: -0.019935489}
  - {x: -0.042406008, y: -0.081652634}
  - {x: 0.0023568321, y: -0.019935489}
  - {x: 0.046906423, y: -0.08164203}
  - {x: 0.046906423, y: -0.08164203}
  - {x: 0.0023568321, y: -0.019935489}
  - {x: 0.07824605, y: -0.019517196}
  - {x: -0.013828167, y: -0.09612636}
  - {x: -0.07112293, y: -0.06978926}
  - {x: -0.015183998, y: -0.040705197}
  - {x: -0.07112293, y: -0.06978926}
  - {x: -0.10707042, y: -0.025863199}
  - {x: -0.06879899, y: 0.05306309}
  - {x: -0.07112293, y: -0.06978926}
  - {x: -0.06879899, y: 0.05306309}
  - {x: -0.015183998, y: -0.040705197}
  - {x: -0.015183998, y: -0.040705197}
  - {x: -0.06879899, y: 0.05306309}
  - {x: -0.026540307, y: 0.07019871}
  - {x: 0.054712757, y: -0.0049722805}
  - {x: 0.0292215, y: 0.050253194}
  - {x: 0.09057187, y: -0.016141564}
  - {x: 0.03064718, y: -0.12355385}
  - {x: -0.013828167, y: -0.09612636}
  - {x: 0.04359773, y: -0.06877027}
  - {x: 0.03064718, y: -0.12355385}
  - {x: 0.04359773, y: -0.06877027}
  - {x: 0.09585746, y: -0.07755745}
  - {x: 0.018112587, y: -0.08892275}
  - {x: -0.100056246, y: -0.060963627}
  - {x: -0.032962278, y: -0.026858931}
  - {x: 0.009193623, y: -0.09446716}
  - {x: -0.03185902, y: -0.124880426}
  - {x: -0.05274075, y: -0.06752992}
  - {x: 0.0292215, y: -0.060374197}
  - {x: 0.054712757, y: -0.0049722805}
  - {x: 0.09057187, y: -0.03972946}
  - {x: -0.03185902, y: -0.124880426}
  - {x: -0.09238522, y: -0.08446446}
  - {x: -0.05274075, y: -0.06752992}
  - {x: 0.09669622, y: -0.061312128}
  - {x: 0.041701782, y: -0.08890098}
  - {x: 0.06571942, y: -0.027499974}
  - {x: 0.10423505, y: -0.025564704}
  - {x: 0.06664379, y: -0.06910833}
  - {x: 0.06603295, y: 0.04517038}
  - {x: 0.06664379, y: -0.06910833}
  - {x: 0.009193623, y: -0.09446716}
  - {x: 0.010491327, y: -0.032581374}
  - {x: 0.06664379, y: -0.06910833}
  - {x: 0.010491327, y: -0.032581374}
  - {x: 0.06603295, y: 0.04517038}
  - {x: 0.06603295, y: 0.04517038}
  - {x: 0.010491327, y: -0.032581374}
  - {x: 0.023055833, y: 0.064829126}
  - {x: 0.07824605, y: -0.019517196}
  - {x: 0.0023568321, y: -0.019935489}
  - {x: 0.02727725, y: 0.07028317}
  - {x: 0.0023568321, y: -0.019935489}
  - {x: -0.07369915, y: -0.019535229}
  - {x: -0.024781296, y: 0.07027699}
  - {x: 0.0023568321, y: -0.019935489}
  - {x: -0.024781296, y: 0.07027699}
  - {x: 0.02727725, y: 0.07028317}
  - {x: 0.02727725, y: 0.07028317}
  - {x: -0.024781296, y: 0.07027699}
  - {x: 0.0011275645, y: 0.10410081}
  - {x: 0.010335881, y: 0.025398241}
  - {x: 0.026785262, y: -0.0234479}
  - {x: -0.029730635, y: -0.015864667}
  - {x: -0.025649492, y: -0.02798419}
  - {x: 0.045723915, y: 0.028940517}
  - {x: -0.0077028275, y: 0.028940517}
  - {x: 0.010492325, y: 0.063199595}
  - {x: -0.0027647018, y: 0.063199595}
  - {x: 0.022135736, y: 0.030038945}
  - {x: 0.006073747, y: -0.013349041}
  - {x: -0.03029538, y: 0.025460828}
  - {x: -0.03428041, y: 0.014695407}
  - {x: -0.0014983652, y: -0.012942987}
  - {x: 0.051829398, y: -0.0063488013}
  - {x: 0.004696026, y: -0.05444602}
  - {x: 0.017928492, y: -0.05281042}
  - {x: 0.04711239, y: -0.032185044}
  - {x: 0.059013426, y: 0.012521087}
  - {x: 0.07313814, y: -0.03690246}
  - {x: 0.07609044, y: -0.025809681}
  - {x: 0.032843787, y: 0.06181907}
  - {x: -0.013137365, y: 0.06693442}
  - {x: 0.011133124, y: 0.088776745}
  - {x: -0.00027537564, y: 0.09004639}
  - {x: 0.0043140207, y: 0.116005234}
  - {x: -0.008428067, y: 0.11709049}
  - {x: 0.0112498095, y: 0.13515952}
  - {x: -0.012079106, y: 0.1371467}
  - {x: 0.010492325, y: 0.11463503}
  - {x: -0.0027647018, y: 0.11463503}
  - {x: 0.01599884, y: 0.13424805}
  - {x: -0.008272171, y: 0.13424805}
  - {x: 0.0021837966, y: 0.11758582}
  - {x: -0.009243469, y: 0.11649388}
  - {x: 0.0050763204, y: 0.13776538}
  - {x: -0.015845038, y: 0.13576591}
  - {x: 0.0020214352, y: 0.112784356}
  - {x: -0.011311732, y: 0.112784356}
  - {x: 0.006634005, y: 0.13210253}
  - {x: -0.01777645, y: 0.13210273}
  - {x: 0.0061139385, y: 0.11418188}
  - {x: -0.005313926, y: 0.11310033}
  - {x: 0.010123437, y: 0.1341695}
  - {x: -0.010798961, y: 0.13218912}
  - {x: 0.012083449, y: 0.11331303}
  - {x: 0.0006565709, y: 0.11440497}
  - {x: 0.018685324, y: 0.13258523}
  - {x: -0.0022352661, y: 0.13458462}
  - {x: 0.016002104, y: 0.017374502}
  - {x: -0.008268907, y: 0.014769064}
  - {x: -0.016777547, y: -0.0043653203}
  - {x: -0.008268907, y: -0.023496145}
  - {x: 0.016002104, y: -0.023496145}
  - {x: 0.024512736, y: -0.0043653194}
  m_Textures2: []
  m_Textures3: []
  m_Tangents:
  - {x: 0.7545414, y: 0.6558066, z: -0.024184948, w: -1}
  - {x: 0.7545414, y: 0.6558066, z: -0.024184948, w: -1}
  - {x: 0.7545414, y: 0.6558066, z: -0.024184948, w: -1}
  - {x: -0.52333736, y: 0.054932542, z: -0.8503531, w: -1}
  - {x: -0.52333736, y: 0.054932542, z: -0.8503531, w: -1}
  - {x: -0.52333736, y: 0.054932542, z: -0.8503531, w: -1}
  - {x: -0.6816261, y: -0.086946554, z: -0.7265164, w: -1}
  - {x: -0.6816261, y: -0.086946554, z: -0.7265164, w: -1}
  - {x: -0.6816261, y: -0.086946554, z: -0.7265164, w: -1}
  - {x: -0.83929443, y: -0.060708124, z: -0.54027706, w: -1}
  - {x: -0.83929443, y: -0.060708124, z: -0.54027706, w: -1}
  - {x: -0.83929443, y: -0.060708124, z: -0.54027706, w: -1}
  - {x: 0.99834675, y: 0.057445996, z: -0.0019227837, w: -1}
  - {x: 0.99834675, y: 0.057445996, z: -0.0019227837, w: -1}
  - {x: 0.99834675, y: 0.057445996, z: -0.0019227837, w: -1}
  - {x: 1, y: 0.00015402578, z: 0.0002043056, w: -1}
  - {x: 1, y: 0.00015402578, z: 0.0002043056, w: -1}
  - {x: 1, y: 0.00015402578, z: 0.0002043056, w: -1}
  - {x: 0.76574266, y: 0.6427103, z: -0.023696477, w: -1}
  - {x: 0.76574266, y: 0.6427103, z: -0.023696477, w: -1}
  - {x: 0.76574266, y: 0.6427103, z: -0.023696477, w: -1}
  - {x: 0.8810822, y: 0.053219646, z: -0.46995935, w: -1}
  - {x: 0.8810822, y: 0.053219646, z: -0.46995935, w: -1}
  - {x: 0.8810822, y: 0.053219646, z: -0.46995935, w: -1}
  - {x: 0.74775666, y: 0.07792629, z: -0.65938413, w: -1}
  - {x: 0.74775666, y: 0.07792629, z: -0.65938413, w: -1}
  - {x: 0.74775666, y: 0.07792629, z: -0.65938413, w: -1}
  - {x: 0.69296235, y: -0.07444738, z: -0.71711975, w: -1}
  - {x: 0.69296235, y: -0.07444738, z: -0.71711975, w: -1}
  - {x: 0.69296235, y: -0.07444738, z: -0.71711975, w: -1}
  - {x: -0.0006339073, y: -0.0008603996, z: -0.9999994, w: -1}
  - {x: -0.0006339073, y: -0.0008603996, z: -0.9999994, w: -1}
  - {x: -0.0006339073, y: -0.0008603996, z: -0.9999994, w: -1}
  - {x: 0.27335784, y: -0.029997421, z: -0.9614445, w: -1}
  - {x: 0.27335784, y: -0.029997421, z: -0.9614445, w: -1}
  - {x: 0.27335784, y: -0.029997421, z: -0.9614445, w: -1}
  - {x: -0.00063836126, y: -0.0008599254, z: -0.9999994, w: -1}
  - {x: -0.00063836126, y: -0.0008599254, z: -0.9999994, w: -1}
  - {x: -0.00063836126, y: -0.0008599254, z: -0.9999994, w: -1}
  - {x: -0.50029916, y: 0.05246654, z: -0.8642615, w: -1}
  - {x: -0.50029916, y: 0.05246654, z: -0.8642615, w: -1}
  - {x: -0.50029916, y: 0.05246654, z: -0.8642615, w: -1}
  - {x: 0.73888004, y: -0.6733674, z: 0.025150422, w: -1}
  - {x: 0.73888004, y: -0.6733674, z: 0.025150422, w: -1}
  - {x: 0.73888004, y: -0.6733674, z: 0.025150422, w: -1}
  - {x: -0.87867105, y: 0.072183035, z: 0.4719394, w: -1}
  - {x: -0.87867105, y: 0.072183035, z: 0.4719394, w: -1}
  - {x: -0.87867105, y: 0.072183035, z: 0.4719394, w: -1}
  - {x: -0.65180546, y: 0.105987966, z: 0.75094354, w: -1}
  - {x: -0.65180546, y: 0.105987966, z: 0.75094354, w: -1}
  - {x: -0.65180546, y: 0.105987966, z: 0.75094354, w: -1}
  - {x: -0.5408218, y: -0.0131568285, z: 0.84103423, w: -1}
  - {x: -0.5408218, y: -0.0131568285, z: 0.84103423, w: -1}
  - {x: -0.5408218, y: -0.0131568285, z: 0.84103423, w: -1}
  - {x: -0.95776767, y: -0.026081273, z: -0.2863581, w: -1}
  - {x: -0.95776767, y: -0.026081273, z: -0.2863581, w: -1}
  - {x: -0.95776767, y: -0.026081273, z: -0.2863581, w: -1}
  - {x: -0.6549558, y: -0.09036775, z: -0.7502443, w: -1}
  - {x: -0.6549558, y: -0.09036775, z: -0.7502443, w: -1}
  - {x: -0.6549558, y: -0.09036775, z: -0.7502443, w: -1}
  - {x: -0.8591233, y: -0.05633606, z: -0.5086585, w: -1}
  - {x: -0.8591233, y: -0.05633606, z: -0.5086585, w: -1}
  - {x: -0.8591233, y: -0.05633606, z: -0.5086585, w: -1}
  - {x: -0.95666707, y: -0.026566897, z: -0.2899696, w: -1}
  - {x: -0.95666707, y: -0.026566897, z: -0.2899696, w: -1}
  - {x: -0.95666707, y: -0.026566897, z: -0.2899696, w: -1}
  - {x: -0.53918654, y: 0.05662938, z: -0.8402803, w: -1}
  - {x: -0.53918654, y: 0.05662938, z: -0.8402803, w: -1}
  - {x: -0.53918654, y: 0.05662938, z: -0.8402803, w: -1}
  - {x: 0.29789886, y: -0.032603446, z: -0.95404047, w: -1}
  - {x: 0.29789886, y: -0.032603446, z: -0.95404047, w: -1}
  - {x: 0.29789886, y: -0.032603446, z: -0.95404047, w: -1}
  - {x: 0.00035235524, y: -0.00096528564, z: -0.9999995, w: -1}
  - {x: 0.00035235524, y: -0.00096528564, z: -0.9999995, w: -1}
  - {x: 0.00035235524, y: -0.00096528564, z: -0.9999995, w: -1}
  - {x: 0.0007804437, y: -0.0010108656, z: -0.99999917, w: -1}
  - {x: 0.0007804437, y: -0.0010108656, z: -0.99999917, w: -1}
  - {x: 0.0007804437, y: -0.0010108656, z: -0.99999917, w: -1}
  - {x: 0.9337692, y: 0.038513947, z: -0.35579717, w: -1}
  - {x: 0.9337692, y: 0.038513947, z: -0.35579717, w: -1}
  - {x: 0.9337692, y: 0.038513947, z: -0.35579717, w: -1}
  - {x: 0.9007204, y: 0.04827909, z: -0.43170807, w: -1}
  - {x: 0.9007204, y: 0.04827909, z: -0.43170807, w: -1}
  - {x: 0.9007204, y: 0.04827909, z: -0.43170807, w: -1}
  - {x: 0.8014295, y: 0.069354095, z: -0.5940546, w: -1}
  - {x: 0.8014295, y: 0.069354095, z: -0.5940546, w: -1}
  - {x: 0.8014295, y: 0.069354095, z: -0.5940546, w: -1}
  - {x: 0.97047997, y: 0.023710653, z: -0.24001311, w: -1}
  - {x: 0.97047997, y: 0.023710653, z: -0.24001311, w: -1}
  - {x: 0.97047997, y: 0.023710653, z: -0.24001311, w: -1}
  - {x: 0.9166991, y: -0.05585888, z: 0.39565462, w: -1}
  - {x: 0.9166991, y: -0.05585888, z: 0.39565462, w: -1}
  - {x: 0.9166991, y: -0.05585888, z: 0.39565462, w: -1}
  - {x: 0.765813, y: -0.6426148, z: 0.024014575, w: -1}
  - {x: 0.765813, y: -0.6426148, z: 0.024014575, w: -1}
  - {x: 0.765813, y: -0.6426148, z: 0.024014575, w: -1}
  - {x: 0.72037464, y: -0.091253616, z: 0.68755585, w: -1}
  - {x: 0.72037464, y: -0.091253616, z: 0.68755585, w: -1}
  - {x: 0.72037464, y: -0.091253616, z: 0.68755585, w: -1}
  - {x: 0.5991352, y: 0.014369719, z: 0.80051893, w: -1}
  - {x: 0.5991352, y: 0.014369719, z: 0.80051893, w: -1}
  - {x: 0.5991352, y: 0.014369719, z: 0.80051893, w: -1}
  - {x: -0.75872964, y: -0.65133804, z: -0.009386018, w: -1}
  - {x: -0.75872964, y: -0.65133804, z: -0.009386018, w: -1}
  - {x: -0.75872964, y: -0.65133804, z: -0.009386018, w: -1}
  - {x: -0.5254578, y: -0.012787, z: 0.8507236, w: -1}
  - {x: -0.5254578, y: -0.012787, z: 0.8507236, w: -1}
  - {x: -0.5254578, y: -0.012787, z: 0.8507236, w: -1}
  - {x: -0.5467633, y: 0.11499756, z: 0.8293524, w: -1}
  - {x: -0.5467633, y: 0.11499756, z: 0.8293524, w: -1}
  - {x: -0.5467633, y: 0.11499756, z: 0.8293524, w: -1}
  - {x: -0.9644918, y: 0.045497425, z: 0.26016435, w: -1}
  - {x: -0.9644918, y: 0.045497425, z: 0.26016435, w: -1}
  - {x: -0.9644918, y: 0.045497425, z: 0.26016435, w: -1}
  - {x: -0.96087426, y: -0.27694926, z: -0.0044283248, w: -1}
  - {x: -0.96087426, y: -0.27694926, z: -0.0044283248, w: -1}
  - {x: -0.96087426, y: -0.27694926, z: -0.0044283248, w: -1}
  - {x: -0.96964717, y: 0.24449395, z: 0.0026636883, w: -1}
  - {x: -0.96964717, y: 0.24449395, z: 0.0026636883, w: -1}
  - {x: -0.96964717, y: 0.24449395, z: 0.0026636883, w: -1}
  - {x: -0.993002, y: 0.11809475, z: 0.00092711666, w: -1}
  - {x: -0.993002, y: 0.11809475, z: 0.00092711666, w: -1}
  - {x: -0.993002, y: 0.11809475, z: 0.00092711666, w: -1}
  - {x: -0.96105844, y: 0.27632794, z: 0.0031028376, w: -1}
  - {x: -0.96105844, y: 0.27632794, z: 0.0031028376, w: -1}
  - {x: -0.96105844, y: 0.27632794, z: 0.0031028376, w: -1}
  - {x: -0.94761455, y: -0.3193769, z: -0.004996773, w: -1}
  - {x: -0.94761455, y: -0.3193769, z: -0.004996773, w: -1}
  - {x: -0.94761455, y: -0.3193769, z: -0.004996773, w: -1}
  - {x: -0.9614313, y: 0.27502793, z: 0.0030848873, w: -1}
  - {x: -0.9614313, y: 0.27502793, z: 0.0030848873, w: -1}
  - {x: -0.9614313, y: 0.27502793, z: 0.0030848873, w: -1}
  - {x: -0.99896824, y: 0.045414466, z: -0.00006638473, w: -1}
  - {x: -0.99896824, y: 0.045414466, z: -0.00006638473, w: -1}
  - {x: -0.99896824, y: 0.045414466, z: -0.00006638473, w: -1}
  - {x: -0.99329096, y: 0.11563814, z: 0.0008934487, w: -1}
  - {x: -0.99329096, y: 0.11563814, z: 0.0008934487, w: -1}
  - {x: -0.99329096, y: 0.11563814, z: 0.0008934487, w: -1}
  - {x: -0.76208186, y: -0.6474133, z: -0.0093348315, w: -1}
  - {x: -0.76208186, y: -0.6474133, z: -0.0093348315, w: -1}
  - {x: -0.76208186, y: -0.6474133, z: -0.0093348315, w: -1}
  - {x: 0.99231094, y: -0.02193022, z: 0.12181141, w: -1}
  - {x: 0.99231094, y: -0.02193022, z: 0.12181141, w: -1}
  - {x: 0.99231094, y: -0.02193022, z: 0.12181141, w: -1}
  - {x: 0.55166286, y: -0.107673705, z: 0.82708794, w: -1}
  - {x: 0.55166286, y: -0.107673705, z: 0.82708794, w: -1}
  - {x: 0.55166286, y: -0.107673705, z: 0.82708794, w: -1}
  - {x: 0.5254025, y: 0.012583676, z: 0.85076076, w: -1}
  - {x: 0.5254025, y: 0.012583676, z: 0.85076076, w: -1}
  - {x: 0.5254025, y: 0.012583676, z: 0.85076076, w: -1}
  - {x: -0.00008906537, y: -0.0001208923, z: 1, w: -1}
  - {x: -0.00008906537, y: -0.0001208923, z: 1, w: -1}
  - {x: -0.00008906537, y: -0.0001208923, z: 1, w: -1}
  - {x: 0.21876283, y: 0.0051657045, z: 0.97576433, w: -1}
  - {x: 0.21876283, y: 0.0051657045, z: 0.97576433, w: -1}
  - {x: 0.21876283, y: 0.0051657045, z: 0.97576433, w: -1}
  - {x: -0.00004171207, y: -0.00011974907, z: 1, w: -1}
  - {x: -0.00004171207, y: -0.00011974907, z: 1, w: -1}
  - {x: -0.00004171207, y: -0.00011974907, z: 1, w: -1}
  - {x: -0.21880427, y: -0.005398342, z: 0.97575384, w: -1}
  - {x: -0.21880427, y: -0.005398342, z: 0.97575384, w: -1}
  - {x: -0.21880427, y: -0.005398342, z: 0.97575384, w: -1}
  - {x: -0.9997218, y: 0.009029402, z: -0.021789761, w: -1}
  - {x: -0.9997218, y: 0.009029402, z: -0.021789761, w: -1}
  - {x: -0.9997218, y: 0.009029402, z: -0.021789761, w: -1}
  - {x: -0.8361898, y: 0.08090149, z: 0.54244035, w: -1}
  - {x: -0.8361898, y: 0.08090149, z: 0.54244035, w: -1}
  - {x: -0.8361898, y: 0.08090149, z: 0.54244035, w: -1}
  - {x: -0.9579262, y: 0.04839451, z: 0.2829051, w: -1}
  - {x: -0.9579262, y: 0.04839451, z: 0.2829051, w: -1}
  - {x: -0.9579262, y: 0.04839451, z: 0.2829051, w: -1}
  - {x: -0.948094, y: 0.05230102, z: 0.31365976, w: -1}
  - {x: -0.948094, y: 0.05230102, z: 0.31365976, w: -1}
  - {x: -0.948094, y: 0.05230102, z: 0.31365976, w: -1}
  - {x: -0.53740656, y: 0.8432501, z: 0.011110142, w: -1}
  - {x: -0.53740656, y: 0.8432501, z: 0.011110142, w: -1}
  - {x: -0.53740656, y: 0.8432501, z: 0.011110142, w: -1}
  - {x: -0.79989433, y: -0.06849501, z: -0.59621936, w: -1}
  - {x: -0.79989433, y: -0.06849501, z: -0.59621936, w: -1}
  - {x: -0.79989433, y: -0.06849501, z: -0.59621936, w: -1}
  - {x: -0.37482864, y: -0.115881756, z: -0.9198234, w: -1}
  - {x: -0.37482864, y: -0.115881756, z: -0.9198234, w: -1}
  - {x: -0.37482864, y: -0.115881756, z: -0.9198234, w: -1}
  - {x: -0.39570135, y: 0.041280426, z: -0.917451, w: -1}
  - {x: -0.39570135, y: 0.041280426, z: -0.917451, w: -1}
  - {x: -0.39570135, y: 0.041280426, z: -0.917451, w: -1}
  - {x: 0.92629844, y: 0.040923122, z: -0.37456167, w: -1}
  - {x: 0.92629844, y: 0.040923122, z: -0.37456167, w: -1}
  - {x: 0.92629844, y: 0.040923122, z: -0.37456167, w: -1}
  - {x: -0.77702963, y: 0.62941283, z: 0.008035165, w: -1}
  - {x: -0.77702963, y: 0.62941283, z: 0.008035165, w: -1}
  - {x: -0.77702963, y: 0.62941283, z: 0.008035165, w: -1}
  - {x: 0.6905169, y: 0.0857058, z: -0.71822065, w: -1}
  - {x: 0.6905169, y: 0.0857058, z: -0.71822065, w: -1}
  - {x: 0.6905169, y: 0.0857058, z: -0.71822065, w: -1}
  - {x: 0.65702915, y: -0.070652485, z: -0.75054705, w: -1}
  - {x: 0.65702915, y: -0.070652485, z: -0.75054705, w: -1}
  - {x: 0.65702915, y: -0.070652485, z: -0.75054705, w: -1}
  - {x: 0.84047425, y: -0.073110394, z: 0.5368965, w: -1}
  - {x: 0.84047425, y: -0.073110394, z: 0.5368965, w: -1}
  - {x: 0.84047425, y: -0.073110394, z: 0.5368965, w: -1}
  - {x: 0.9971621, y: 0.0028132761, z: -0.07523105, w: -1}
  - {x: 0.9971621, y: 0.0028132761, z: -0.07523105, w: -1}
  - {x: 0.9971621, y: 0.0028132761, z: -0.07523105, w: -1}
  - {x: 0.9237188, y: -0.053845283, z: 0.37926817, w: -1}
  - {x: 0.9237188, y: -0.053845283, z: 0.37926817, w: -1}
  - {x: 0.9237188, y: -0.053845283, z: 0.37926817, w: -1}
  - {x: 0.9604355, y: -0.04103755, z: 0.2754622, w: -1}
  - {x: 0.9604355, y: -0.04103755, z: 0.2754622, w: -1}
  - {x: 0.9604355, y: -0.04103755, z: 0.2754622, w: -1}
  - {x: -0.21653678, y: -0.005343679, z: 0.9762598, w: -1}
  - {x: -0.21653678, y: -0.005343679, z: 0.9762598, w: -1}
  - {x: -0.21653678, y: -0.005343679, z: 0.9762598, w: -1}
  - {x: 0.2166165, y: 0.0051138294, z: 0.9762434, w: -1}
  - {x: 0.2166165, y: 0.0051138294, z: 0.9762434, w: -1}
  - {x: 0.2166165, y: 0.0051138294, z: 0.9762434, w: -1}
  - {x: 0.000037426464, y: -0.00011777543, z: 1, w: -1}
  - {x: 0.000037426464, y: -0.00011777543, z: 1, w: -1}
  - {x: 0.000037426464, y: -0.00011777543, z: 1, w: -1}
  - {x: 0.00008590644, y: -0.00011660498, z: 1, w: -1}
  - {x: 0.00008590644, y: -0.00011660498, z: 1, w: -1}
  - {x: 0.00008590644, y: -0.00011660498, z: 1, w: -1}
  - {x: 0.9461808, y: -0.32363847, z: -0.000000028739072, w: -1}
  - {x: 0.946181, y: -0.323638, z: 0.00000009829464, w: -1}
  - {x: 0.946181, y: -0.323638, z: 0.00000009829464, w: -1}
  - {x: 0.9461812, y: -0.32363746, z: 0.0000002253285, w: -1}
  - {x: 1, y: 0, z: 0, w: -1}
  - {x: 1, y: 0, z: 0, w: -1}
  - {x: 1, y: 0, z: 0, w: -1}
  - {x: 1, y: 0, z: 0, w: -1}
  - {x: 0.9330886, y: -0.35964674, z: 0.000000018985563, w: -1}
  - {x: 0.93308675, y: -0.35965127, z: 0.0000011614525, w: -1}
  - {x: 0.93308675, y: -0.35965127, z: 0.0000011614525, w: -1}
  - {x: 0.933085, y: -0.35965574, z: 0.0000022824495, w: -1}
  - {x: 0.9981474, y: 0.060842816, z: 0.000000011799031, w: -1}
  - {x: 0.99814826, y: 0.06082915, z: -0.000007726883, w: -1}
  - {x: 0.99814826, y: 0.06082915, z: -0.000007726883, w: -1}
  - {x: 0.9981491, y: 0.06081548, z: -0.00001546567, w: -1}
  - {x: 0.7697734, y: 0.63831735, z: 0.00000000716311, w: -1}
  - {x: 0.7697408, y: 0.6383565, z: 0.000018060642, w: -1}
  - {x: 0.7697408, y: 0.6383565, z: 0.000018060642, w: -1}
  - {x: 0.7697084, y: 0.63839567, z: 0.000036084304, w: -1}
  - {x: 0.4698848, y: -0.00000006322469, z: -0.88272774, w: -1}
  - {x: 0.46986985, y: 0.0000139482045, z: -0.8827357, w: -1}
  - {x: 0.46986985, y: 0.0000139482045, z: -0.8827357, w: -1}
  - {x: 0.46985495, y: 0.000027921711, z: -0.88274366, w: -1}
  - {x: -0.3301253, y: -0.000000030631742, z: 0.9439372, w: -1}
  - {x: -0.33013126, y: 0.0000030675778, z: 0.9439351, w: -1}
  - {x: -0.33013126, y: 0.0000030675778, z: 0.9439351, w: -1}
  - {x: -0.33013722, y: 0.0000061657875, z: 0.943933, w: -1}
  - {x: 1, y: 0, z: 0, w: -1}
  - {x: 1, y: 0, z: 0, w: -1}
  - {x: 1, y: 0, z: 0, w: -1}
  - {x: 1, y: 0, z: 0, w: -1}
  - {x: 0.36743313, y: 0.00000010346465, z: 0.93005, w: -1}
  - {x: 0.36744308, y: -0.00000520477, z: 0.9300461, w: -1}
  - {x: 0.36744308, y: -0.00000520477, z: 0.9300461, w: -1}
  - {x: 0.36745307, y: -0.000010513005, z: 0.93004215, w: -1}
  - {x: -0.9942894, y: 0, z: -0.10671749, w: -1}
  - {x: -0.9942887, y: 0.0000035496496, z: -0.10672424, w: -1}
  - {x: -0.9942887, y: 0.0000035496496, z: -0.10672424, w: -1}
  - {x: -0.99428797, y: 0.000007099299, z: -0.106731, w: -1}
  - {x: -0.3693093, y: 0.00000014043313, z: -0.9293065, w: -1}
  - {x: -0.36931664, y: -0.0000035758446, z: -0.9293036, w: -1}
  - {x: -0.36931664, y: -0.0000035758446, z: -0.9293036, w: -1}
  - {x: -0.36932397, y: -0.0000072921225, z: -0.92930067, w: -1}
  - {x: 0.36736143, y: 0.0000001458233, z: -0.93007827, w: -1}
  - {x: 0.36736763, y: 0.0000032618398, z: -0.9300758, w: -1}
  - {x: 0.36736763, y: 0.0000032618398, z: -0.9300758, w: -1}
  - {x: 0.3673738, y: 0.0000063382877, z: -0.93007344, w: -1}
  - {x: 0.999964, y: 0.008495182, z: 0.000008384864, w: -1}
  - {x: 0.999991, y: 0.0042502326, z: 0.0000043996197, w: -1}
  - {x: 1, y: -2.3389876e-10, z: -0.0000000074884925, w: -1}
  - {x: 1, y: 0, z: 0, w: -1}
  - {x: 1, y: 0, z: 0, w: -1}
  - {x: 0.99999595, y: 0.0028342532, z: 0.0000028518389, w: -1}
  m_Colors: []
  m_UnwrapParameters:
    m_HardAngle: 88
    m_PackMargin: 30
    m_AngleError: 8
    m_AreaError: 15
  m_PreserveMeshAssetOnDestroy: 0
  assetGuid: 
  m_Mesh: {fileID: 0}
  m_VersionIndex: 3335
  m_IsSelectable: 1
  m_SelectedFaces: 
  m_SelectedEdges: []
  m_SelectedVertices: 
--- !u!114 &4926092607470767494
MonoBehaviour:
  m_ObjectHideFlags: 0
  m_CorrespondingSourceObject: {fileID: 0}
  m_PrefabInstance: {fileID: 0}
  m_PrefabAsset: {fileID: 0}
  m_GameObject: {fileID: 4926092607470767498}
  m_Enabled: 1
  m_EditorHideFlags: 0
  m_Script: {fileID: 11500000, guid: 1ca002da428252441b92f28d83c8a65f, type: 3}
  m_Name: 
  m_EditorClassIdentifier: 
  m_Shape:
    rid: 1810103260750020630
  m_Size: {x: 0.22708511, y: 0.24901354, z: 0.22127342}
  m_Rotation: {x: 0, y: 0, z: 0, w: 1}
  m_PivotLocation: 1
  m_PivotPosition: {x: 0, y: 0, z: 0}
  m_UnmodifiedMeshVersion: 1584
  m_ShapeBox:
    m_Center: {x: 0.11354256, y: 0.12450671, z: 0.110637665}
    m_Extent: {x: 0.5, y: 0.5, z: 0.5}
  references:
    version: 2
    RefIds:
    - rid: 1810103260750020630
      type: {class: Sphere, ns: UnityEngine.ProBuilder.Shapes, asm: Unity.ProBuilder}
      data:
        m_Subdivisions: 1
        m_Smooth: 0
--- !u!23 &4926092607470767493
MeshRenderer:
  m_ObjectHideFlags: 0
  m_CorrespondingSourceObject: {fileID: 0}
  m_PrefabInstance: {fileID: 0}
  m_PrefabAsset: {fileID: 0}
  m_GameObject: {fileID: 4926092607470767498}
  m_Enabled: 1
  m_CastShadows: 1
  m_ReceiveShadows: 1
  m_DynamicOccludee: 1
  m_StaticShadowCaster: 0
  m_MotionVectors: 1
  m_LightProbeUsage: 1
  m_ReflectionProbeUsage: 1
  m_RayTracingMode: 2
  m_RayTraceProcedural: 0
  m_RenderingLayerMask: 1
  m_RendererPriority: 0
  m_Materials:
  - {fileID: 2100000, guid: 31321ba15b8f8eb4c954353edc038b1d, type: 2}
  m_StaticBatchInfo:
    firstSubMesh: 0
    subMeshCount: 0
  m_StaticBatchRoot: {fileID: 0}
  m_ProbeAnchor: {fileID: 0}
  m_LightProbeVolumeOverride: {fileID: 0}
  m_ScaleInLightmap: 1
  m_ReceiveGI: 1
  m_PreserveUVs: 0
  m_IgnoreNormalsForChartDetection: 0
  m_ImportantGI: 0
  m_StitchLightmapSeams: 1
  m_SelectedEditorRenderState: 2
  m_MinimumChartSize: 4
  m_AutoUVMaxDistance: 0.5
  m_AutoUVMaxAngle: 89
  m_LightmapParameters: {fileID: 0}
  m_SortingLayerID: 0
  m_SortingLayer: 0
  m_SortingOrder: 0
  m_AdditionalVertexStreams: {fileID: 0}
--- !u!33 &4926092607470767492
MeshFilter:
  m_ObjectHideFlags: 0
  m_CorrespondingSourceObject: {fileID: 0}
  m_PrefabInstance: {fileID: 0}
  m_PrefabAsset: {fileID: 0}
  m_GameObject: {fileID: 4926092607470767498}
  m_Mesh: {fileID: 0}
--- !u!54 &5436604492102274566
Rigidbody:
  m_ObjectHideFlags: 0
  m_CorrespondingSourceObject: {fileID: 0}
  m_PrefabInstance: {fileID: 0}
  m_PrefabAsset: {fileID: 0}
  m_GameObject: {fileID: 4926092607470767498}
  serializedVersion: 2
  m_Mass: 2
  m_Drag: 0
  m_AngularDrag: 0.05
  m_UseGravity: 1
  m_IsKinematic: 0
  m_Interpolate: 0
  m_Constraints: 0
  m_CollisionDetection: 0
--- !u!65 &1353598567036500882
BoxCollider:
  m_ObjectHideFlags: 0
  m_CorrespondingSourceObject: {fileID: 0}
  m_PrefabInstance: {fileID: 0}
  m_PrefabAsset: {fileID: 0}
  m_GameObject: {fileID: 4926092607470767498}
  m_Material: {fileID: 0}
  m_IsTrigger: 0
  m_Enabled: 1
  serializedVersion: 2
  m_Size: {x: 0.18742672, y: 0.2296029, z: 0.21468674}
  m_Center: {x: 0.0027484314, y: 0.016825503, z: 0.0029031606}
--- !u!114 &3255312320725665849
MonoBehaviour:
  m_ObjectHideFlags: 0
  m_CorrespondingSourceObject: {fileID: 0}
  m_PrefabInstance: {fileID: 0}
  m_PrefabAsset: {fileID: 0}
  m_GameObject: {fileID: 4926092607470767498}
  m_Enabled: 1
  m_EditorHideFlags: 0
  m_Script: {fileID: 11500000, guid: 5fea29bb7c508c244a1f805a5fd3fc4d, type: 3}
  m_Name: 
  m_EditorClassIdentifier: 
  outlineMode: 0
  outlineColor: {r: 1, g: 1, b: 1, a: 1}
  outlineWidth: 2
  precomputeOutline: 0
  bakeKeys: []
  bakeValues: []
