%YAML 1.1
%TAG !u! tag:unity3d.com,2011:
--- !u!1 &2982203845446995117
GameObject:
  m_ObjectHideFlags: 0
  m_CorrespondingSourceObject: {fileID: 0}
  m_PrefabInstance: {fileID: 0}
  m_PrefabAsset: {fileID: 0}
  serializedVersion: 6
  m_Component:
  - component: {fileID: 6056554709459215299}
  - component: {fileID: 7638445751621621113}
  - component: {fileID: 6948012787761572900}
  - component: {fileID: 2209992865082176060}
  - component: {fileID: 4419785790651856640}
  m_Layer: 0
  m_Name: EN_Tapa_Abierta
  m_TagString: Untagged
  m_Icon: {fileID: 0}
  m_NavMeshLayer: 0
  m_StaticEditorFlags: 0
  m_IsActive: 1
--- !u!4 &6056554709459215299
Transform:
  m_ObjectHideFlags: 0
  m_CorrespondingSourceObject: {fileID: 0}
  m_PrefabInstance: {fileID: 0}
  m_PrefabAsset: {fileID: 0}
  m_GameObject: {fileID: 2982203845446995117}
  m_LocalRotation: {x: -0.58990914, y: -0.000000029802319, z: 0.0000000372529, w: 0.80746967}
  m_LocalPosition: {x: 0.0001, y: 0.0955, z: -0.067}
  m_LocalScale: {x: 0.7766822, y: 1, z: 1.0761}
  m_ConstrainProportionsScale: 0
  m_Children: []
  m_Father: {fileID: 3779102486672702693}
  m_RootOrder: 2
  m_LocalEulerAnglesHint: {x: -72.301, y: 0, z: 0}
--- !u!114 &7638445751621621113
MonoBehaviour:
  m_ObjectHideFlags: 0
  m_CorrespondingSourceObject: {fileID: 0}
  m_PrefabInstance: {fileID: 0}
  m_PrefabAsset: {fileID: 0}
  m_GameObject: {fileID: 2982203845446995117}
  m_Enabled: 1
  m_EditorHideFlags: 0
  m_Script: {fileID: 11500000, guid: 8233d90336aea43098adf6dbabd606a2, type: 3}
  m_Name: 
  m_EditorClassIdentifier: 
  m_MeshFormatVersion: 2
  m_Faces:
  - m_Indexes: 000000000100000002000000010000000300000002000000
    m_SmoothingGroup: 0
    m_Uv:
      m_UseWorldSpace: 0
      m_FlipU: 0
      m_FlipV: 0
      m_SwapUV: 0
      m_Fill: 1
      m_Scale: {x: 3.2334003, y: 3.2334008}
      m_Offset: {x: -0.37711495, y: -0.4049704}
      m_Rotation: 0
      m_Anchor: 9
    m_Material: {fileID: 0}
    m_SubmeshIndex: 0
    m_ManualUV: 0
    elementGroup: 1
    m_TextureGroup: -1
  - m_Indexes: 040000000500000006000000050000000700000006000000
    m_SmoothingGroup: 0
    m_Uv:
      m_UseWorldSpace: 0
      m_FlipU: 0
      m_FlipV: 0
      m_SwapUV: 0
      m_Fill: 1
      m_Scale: {x: 3.2334008, y: 3.2334008}
      m_Offset: {x: -0.264111, y: -0.4049704}
      m_Rotation: 0
      m_Anchor: 9
    m_Material: {fileID: 0}
    m_SubmeshIndex: 0
    m_ManualUV: 0
    elementGroup: 1
    m_TextureGroup: -1
  - m_Indexes: 08000000090000000a000000090000000b0000000a000000
    m_SmoothingGroup: 0
    m_Uv:
      m_UseWorldSpace: 0
      m_FlipU: 0
      m_FlipV: 0
      m_SwapUV: 0
      m_Fill: 1
      m_Scale: {x: 3.2334008, y: 3.2334008}
      m_Offset: {x: -0.264111, y: -0.4049704}
      m_Rotation: 0
      m_Anchor: 9
    m_Material: {fileID: 0}
    m_SubmeshIndex: 0
    m_ManualUV: 0
    elementGroup: -1
    m_TextureGroup: -1
  - m_Indexes: 0c0000000d0000000e0000000d0000000f0000000e000000
    m_SmoothingGroup: 0
    m_Uv:
      m_UseWorldSpace: 0
      m_FlipU: 0
      m_FlipV: 0
      m_SwapUV: 0
      m_Fill: 1
      m_Scale: {x: 3.2334008, y: 3.2334008}
      m_Offset: {x: -0.264111, y: -0.4049704}
      m_Rotation: 0
      m_Anchor: 9
    m_Material: {fileID: 0}
    m_SubmeshIndex: 0
    m_ManualUV: 0
    elementGroup: -1
    m_TextureGroup: -1
  - m_Indexes: 100000001100000012000000110000001300000012000000
    m_SmoothingGroup: 0
    m_Uv:
      m_UseWorldSpace: 0
      m_FlipU: 0
      m_FlipV: 0
      m_SwapUV: 0
      m_Fill: 1
      m_Scale: {x: 3.2334008, y: 3.2334008}
      m_Offset: {x: -0.264111, y: -0.4049704}
      m_Rotation: 0
      m_Anchor: 9
    m_Material: {fileID: 0}
    m_SubmeshIndex: 0
    m_ManualUV: 0
    elementGroup: -1
    m_TextureGroup: -1
  m_SharedVertices:
  - m_Vertices: 000000000d000000
  - m_Vertices: 0100000004000000
  - m_Vertices: 020000000f00000010000000
  - m_Vertices: 030000000600000011000000
  - m_Vertices: 0500000008000000
  - m_Vertices: 070000000a00000013000000
  - m_Vertices: 090000000c000000
  - m_Vertices: 0b0000000e00000012000000
  m_SharedTextures:
  - m_Vertices: 0600000003000000
  - m_Vertices: 0400000001000000
  m_Positions:
  - {x: -0.04859624, y: -0.03183782, z: 0.06440712}
  - {x: 0.04859668, y: -0.03183782, z: 0.06440712}
  - {x: -0.04859624, y: 0.03183794, z: 0.06440712}
  - {x: 0.04859668, y: 0.03183794, z: 0.06440712}
  - {x: 0.04859668, y: -0.03183782, z: 0.06440712}
  - {x: 0.048596304, y: -0.03183785, z: -0.06440828}
  - {x: 0.04859668, y: 0.03183794, z: 0.06440712}
  - {x: 0.04859668, y: 0.03183794, z: -0.06440849}
  - {x: 0.048596304, y: -0.03183785, z: -0.06440828}
  - {x: -0.04859646, y: -0.03183785, z: -0.06440828}
  - {x: 0.04859668, y: 0.03183794, z: -0.06440849}
  - {x: -0.04859624, y: 0.03183794, z: -0.06440849}
  - {x: -0.04859646, y: -0.03183785, z: -0.06440828}
  - {x: -0.04859624, y: -0.03183782, z: 0.06440712}
  - {x: -0.04859624, y: 0.03183794, z: -0.06440849}
  - {x: -0.04859624, y: 0.03183794, z: 0.06440712}
  - {x: -0.04859624, y: 0.03183794, z: 0.06440712}
  - {x: 0.04859668, y: 0.03183794, z: 0.06440712}
  - {x: -0.04859624, y: 0.03183794, z: -0.06440849}
  - {x: 0.04859668, y: 0.03183794, z: -0.06440849}
  m_Textures0:
  - {x: 0.534246, y: 0.30202597}
  - {x: 0.21998243, y: 0.30202597}
  - {x: 0.534246, y: 0.50791526}
  - {x: 0.21998243, y: 0.50791526}
  - {x: 0.4723655, y: 0.30202597}
  - {x: 0.05585368, y: 0.30202585}
  - {x: 0.4723655, y: 0.50791526}
  - {x: 0.05585301, y: 0.50791526}
  - {x: 0.42124236, y: 0.30202657}
  - {x: 0.10697919, y: 0.30202657}
  - {x: 0.42124355, y: 0.5079159}
  - {x: 0.10697989, y: 0.5079159}
  - {x: 0.47236907, y: 0.30202532}
  - {x: 0.055857256, y: 0.30202544}
  - {x: 0.47236973, y: 0.50791466}
  - {x: 0.055857256, y: 0.50791466}
  - {x: 0.10697989, y: 0.61322445}
  - {x: 0.42124355, y: 0.61322445}
  - {x: 0.10697989, y: 0.19671194}
  - {x: 0.42124355, y: 0.19671194}
  m_Textures2: []
  m_Textures3: []
  m_Tangents:
  - {x: -1, y: 0, z: 0, w: -1}
  - {x: -1, y: 0, z: 0, w: -1}
  - {x: -1, y: 0, z: 0, w: -1}
  - {x: -1, y: 0, z: 0, w: -1}
  - {x: 0.00000292088, y: -0.000000054851796, z: 1, w: -1}
  - {x: 0.0000014604399, y: -0.000000027425898, z: 1, w: -1}
  - {x: 0.0000014604399, y: -0.000000027425898, z: 1, w: -1}
  - {x: 0, y: 0, z: 1, w: -1}
  - {x: 1, y: 0, z: 0, w: -1}
  - {x: 1, y: 0, z: 0, w: -1}
  - {x: 1, y: 0, z: 0, w: -1}
  - {x: 1, y: 0, z: 0, w: -1}
  - {x: -0.0000017062557, y: 0.000000054851846, z: -1, w: -1}
  - {x: -0.00000085312786, y: 0.000000027425923, z: -1, w: -1}
  - {x: -0.00000085312786, y: 0.000000027425923, z: -1, w: -1}
  - {x: 0, y: 0, z: -1, w: -1}
  - {x: 1, y: 0, z: 0, w: -1}
  - {x: 1, y: 0, z: 0, w: -1}
  - {x: 1, y: 0, z: 0, w: -1}
  - {x: 1, y: 0, z: 0, w: -1}
  m_Colors: []
  m_UnwrapParameters:
    m_HardAngle: 88
    m_PackMargin: 20
    m_AngleError: 8
    m_AreaError: 15
  m_PreserveMeshAssetOnDestroy: 0
  assetGuid: 
  m_Mesh: {fileID: 0}
  m_VersionIndex: 1038
  m_IsSelectable: 1
  m_SelectedFaces: 
  m_SelectedEdges: []
  m_SelectedVertices: 
--- !u!114 &6948012787761572900
MonoBehaviour:
  m_ObjectHideFlags: 0
  m_CorrespondingSourceObject: {fileID: 0}
  m_PrefabInstance: {fileID: 0}
  m_PrefabAsset: {fileID: 0}
  m_GameObject: {fileID: 2982203845446995117}
  m_Enabled: 1
  m_EditorHideFlags: 0
  m_Script: {fileID: 11500000, guid: 1ca002da428252441b92f28d83c8a65f, type: 3}
  m_Name: 
  m_EditorClassIdentifier: 
  m_Shape:
    rid: 1810103260750020650
  m_Size: {x: 0.097192764, y: 0.03124553, z: 0.1288662}
  m_Rotation: {x: 0, y: 0, z: 0, w: 1}
  m_PivotLocation: 1
  m_PivotPosition: {x: 0, y: 0, z: 0}
  m_UnmodifiedMeshVersion: 571
  m_ShapeBox:
    m_Center: {x: 0.048596382, y: 0.015622735, z: 0.064432144}
    m_Extent: {x: 0.048596382, y: 0.015622765, z: 0.0644331}
  references:
    version: 2
    RefIds:
    - rid: 1810103260750020650
      type: {class: Cube, ns: UnityEngine.ProBuilder.Shapes, asm: Unity.ProBuilder}
--- !u!23 &2209992865082176060
MeshRenderer:
  m_ObjectHideFlags: 0
  m_CorrespondingSourceObject: {fileID: 0}
  m_PrefabInstance: {fileID: 0}
  m_PrefabAsset: {fileID: 0}
  m_GameObject: {fileID: 2982203845446995117}
  m_Enabled: 1
  m_CastShadows: 1
  m_ReceiveShadows: 1
  m_DynamicOccludee: 1
  m_StaticShadowCaster: 0
  m_MotionVectors: 1
  m_LightProbeUsage: 1
  m_ReflectionProbeUsage: 1
  m_RayTracingMode: 2
  m_RayTraceProcedural: 0
  m_RenderingLayerMask: 1
  m_RendererPriority: 0
  m_Materials:
  - {fileID: 2100000, guid: 569dd7fe2f69f6244a2ccc86e4103594, type: 2}
  m_StaticBatchInfo:
    firstSubMesh: 0
    subMeshCount: 0
  m_StaticBatchRoot: {fileID: 0}
  m_ProbeAnchor: {fileID: 0}
  m_LightProbeVolumeOverride: {fileID: 0}
  m_ScaleInLightmap: 1
  m_ReceiveGI: 1
  m_PreserveUVs: 0
  m_IgnoreNormalsForChartDetection: 0
  m_ImportantGI: 0
  m_StitchLightmapSeams: 1
  m_SelectedEditorRenderState: 2
  m_MinimumChartSize: 4
  m_AutoUVMaxDistance: 0.5
  m_AutoUVMaxAngle: 89
  m_LightmapParameters: {fileID: 0}
  m_SortingLayerID: 0
  m_SortingLayer: 0
  m_SortingOrder: 0
  m_AdditionalVertexStreams: {fileID: 0}
--- !u!33 &4419785790651856640
MeshFilter:
  m_ObjectHideFlags: 0
  m_CorrespondingSourceObject: {fileID: 0}
  m_PrefabInstance: {fileID: 0}
  m_PrefabAsset: {fileID: 0}
  m_GameObject: {fileID: 2982203845446995117}
  m_Mesh: {fileID: 0}
--- !u!1 &3779102486205033623
GameObject:
  m_ObjectHideFlags: 0
  m_CorrespondingSourceObject: {fileID: 0}
  m_PrefabInstance: {fileID: 0}
  m_PrefabAsset: {fileID: 0}
  serializedVersion: 6
  m_Component:
  - component: {fileID: 3779102486205033622}
  - component: {fileID: 3779102486205033625}
  - component: {fileID: 3779102486205033626}
  - component: {fileID: 3779102486205033627}
  - component: {fileID: 3779102486205033620}
  m_Layer: 0
  m_Name: EN_Tapa
  m_TagString: Untagged
  m_Icon: {fileID: 0}
  m_NavMeshLayer: 0
  m_StaticEditorFlags: 0
  m_IsActive: 0
--- !u!4 &3779102486205033622
Transform:
  m_ObjectHideFlags: 0
  m_CorrespondingSourceObject: {fileID: 0}
  m_PrefabInstance: {fileID: 0}
  m_PrefabAsset: {fileID: 0}
  m_GameObject: {fileID: 3779102486205033623}
  m_LocalRotation: {x: -0, y: -0, z: -0, w: 1}
  m_LocalPosition: {x: 0.0001001358, y: 0.06411517, z: 0.001373291}
  m_LocalScale: {x: 0.7766822, y: 1, z: 1.0761}
  m_ConstrainProportionsScale: 0
  m_Children: []
  m_Father: {fileID: 3779102486672702693}
  m_RootOrder: 1
  m_LocalEulerAnglesHint: {x: 0, y: 0, z: 0}
--- !u!114 &3779102486205033625
MonoBehaviour:
  m_ObjectHideFlags: 0
  m_CorrespondingSourceObject: {fileID: 0}
  m_PrefabInstance: {fileID: 0}
  m_PrefabAsset: {fileID: 0}
  m_GameObject: {fileID: 3779102486205033623}
  m_Enabled: 1
  m_EditorHideFlags: 0
  m_Script: {fileID: 11500000, guid: 8233d90336aea43098adf6dbabd606a2, type: 3}
  m_Name: 
  m_EditorClassIdentifier: 
  m_MeshFormatVersion: 2
  m_Faces:
  - m_Indexes: 000000000100000002000000010000000300000002000000
    m_SmoothingGroup: 0
    m_Uv:
      m_UseWorldSpace: 0
      m_FlipU: 0
      m_FlipV: 0
      m_SwapUV: 0
      m_Fill: 1
      m_Scale: {x: 3.2334003, y: 3.2334008}
      m_Offset: {x: -0.37711495, y: -0.4049704}
      m_Rotation: 0
      m_Anchor: 9
    m_Material: {fileID: 0}
    m_SubmeshIndex: 0
    m_ManualUV: 0
    elementGroup: 1
    m_TextureGroup: -1
  - m_Indexes: 040000000500000006000000050000000700000006000000
    m_SmoothingGroup: 0
    m_Uv:
      m_UseWorldSpace: 0
      m_FlipU: 0
      m_FlipV: 0
      m_SwapUV: 0
      m_Fill: 1
      m_Scale: {x: 3.2334008, y: 3.2334008}
      m_Offset: {x: -0.264111, y: -0.4049704}
      m_Rotation: 0
      m_Anchor: 9
    m_Material: {fileID: 0}
    m_SubmeshIndex: 0
    m_ManualUV: 0
    elementGroup: 1
    m_TextureGroup: -1
  - m_Indexes: 08000000090000000a000000090000000b0000000a000000
    m_SmoothingGroup: 0
    m_Uv:
      m_UseWorldSpace: 0
      m_FlipU: 0
      m_FlipV: 0
      m_SwapUV: 0
      m_Fill: 1
      m_Scale: {x: 3.2334008, y: 3.2334008}
      m_Offset: {x: -0.264111, y: -0.4049704}
      m_Rotation: 0
      m_Anchor: 9
    m_Material: {fileID: 0}
    m_SubmeshIndex: 0
    m_ManualUV: 0
    elementGroup: -1
    m_TextureGroup: -1
  - m_Indexes: 0c0000000d0000000e0000000d0000000f0000000e000000
    m_SmoothingGroup: 0
    m_Uv:
      m_UseWorldSpace: 0
      m_FlipU: 0
      m_FlipV: 0
      m_SwapUV: 0
      m_Fill: 1
      m_Scale: {x: 3.2334008, y: 3.2334008}
      m_Offset: {x: -0.264111, y: -0.4049704}
      m_Rotation: 0
      m_Anchor: 9
    m_Material: {fileID: 0}
    m_SubmeshIndex: 0
    m_ManualUV: 0
    elementGroup: -1
    m_TextureGroup: -1
  - m_Indexes: 100000001100000012000000110000001300000012000000
    m_SmoothingGroup: 0
    m_Uv:
      m_UseWorldSpace: 0
      m_FlipU: 0
      m_FlipV: 0
      m_SwapUV: 0
      m_Fill: 1
      m_Scale: {x: 3.2334008, y: 3.2334008}
      m_Offset: {x: -0.264111, y: -0.4049704}
      m_Rotation: 0
      m_Anchor: 9
    m_Material: {fileID: 0}
    m_SubmeshIndex: 0
    m_ManualUV: 0
    elementGroup: -1
    m_TextureGroup: -1
  m_SharedVertices:
  - m_Vertices: 000000000d000000
  - m_Vertices: 0100000004000000
  - m_Vertices: 020000000f00000010000000
  - m_Vertices: 030000000600000011000000
  - m_Vertices: 0500000008000000
  - m_Vertices: 070000000a00000013000000
  - m_Vertices: 090000000c000000
  - m_Vertices: 0b0000000e00000012000000
  m_SharedTextures:
  - m_Vertices: 0600000003000000
  - m_Vertices: 0400000001000000
  m_Positions:
  - {x: -0.04859624, y: -0.03183782, z: 0.06440712}
  - {x: 0.04859668, y: -0.03183782, z: 0.06440712}
  - {x: -0.04859624, y: 0.03183794, z: 0.06440712}
  - {x: 0.04859668, y: 0.03183794, z: 0.06440712}
  - {x: 0.04859668, y: -0.03183782, z: 0.06440712}
  - {x: 0.048596304, y: -0.03183785, z: -0.06440828}
  - {x: 0.04859668, y: 0.03183794, z: 0.06440712}
  - {x: 0.04859668, y: 0.03183794, z: -0.06440849}
  - {x: 0.048596304, y: -0.03183785, z: -0.06440828}
  - {x: -0.04859646, y: -0.03183785, z: -0.06440828}
  - {x: 0.04859668, y: 0.03183794, z: -0.06440849}
  - {x: -0.04859624, y: 0.03183794, z: -0.06440849}
  - {x: -0.04859646, y: -0.03183785, z: -0.06440828}
  - {x: -0.04859624, y: -0.03183782, z: 0.06440712}
  - {x: -0.04859624, y: 0.03183794, z: -0.06440849}
  - {x: -0.04859624, y: 0.03183794, z: 0.06440712}
  - {x: -0.04859624, y: 0.03183794, z: 0.06440712}
  - {x: 0.04859668, y: 0.03183794, z: 0.06440712}
  - {x: -0.04859624, y: 0.03183794, z: -0.06440849}
  - {x: 0.04859668, y: 0.03183794, z: -0.06440849}
  m_Textures0:
  - {x: 0.534246, y: 0.30202597}
  - {x: 0.21998243, y: 0.30202597}
  - {x: 0.534246, y: 0.50791526}
  - {x: 0.21998243, y: 0.50791526}
  - {x: 0.4723655, y: 0.30202597}
  - {x: 0.05585368, y: 0.30202585}
  - {x: 0.4723655, y: 0.50791526}
  - {x: 0.05585301, y: 0.50791526}
  - {x: 0.42124236, y: 0.30202657}
  - {x: 0.10697919, y: 0.30202657}
  - {x: 0.42124355, y: 0.5079159}
  - {x: 0.10697989, y: 0.5079159}
  - {x: 0.47236907, y: 0.30202532}
  - {x: 0.055857256, y: 0.30202544}
  - {x: 0.47236973, y: 0.50791466}
  - {x: 0.055857256, y: 0.50791466}
  - {x: 0.10697989, y: 0.61322445}
  - {x: 0.42124355, y: 0.61322445}
  - {x: 0.10697989, y: 0.19671194}
  - {x: 0.42124355, y: 0.19671194}
  m_Textures2: []
  m_Textures3: []
  m_Tangents:
  - {x: -1, y: 0, z: 0, w: -1}
  - {x: -1, y: 0, z: 0, w: -1}
  - {x: -1, y: 0, z: 0, w: -1}
  - {x: -1, y: 0, z: 0, w: -1}
  - {x: 0.00000292088, y: -0.000000054851796, z: 1, w: -1}
  - {x: 0.0000014604399, y: -0.000000027425898, z: 1, w: -1}
  - {x: 0.0000014604399, y: -0.000000027425898, z: 1, w: -1}
  - {x: 0, y: 0, z: 1, w: -1}
  - {x: 1, y: 0, z: 0, w: -1}
  - {x: 1, y: 0, z: 0, w: -1}
  - {x: 1, y: 0, z: 0, w: -1}
  - {x: 1, y: 0, z: 0, w: -1}
  - {x: -0.0000017062557, y: 0.000000054851846, z: -1, w: -1}
  - {x: -0.00000085312786, y: 0.000000027425923, z: -1, w: -1}
  - {x: -0.00000085312786, y: 0.000000027425923, z: -1, w: -1}
  - {x: 0, y: 0, z: -1, w: -1}
  - {x: 1, y: 0, z: 0, w: -1}
  - {x: 1, y: 0, z: 0, w: -1}
  - {x: 1, y: 0, z: 0, w: -1}
  - {x: 1, y: 0, z: 0, w: -1}
  m_Colors: []
  m_UnwrapParameters:
    m_HardAngle: 88
    m_PackMargin: 20
    m_AngleError: 8
    m_AreaError: 15
  m_PreserveMeshAssetOnDestroy: 0
  assetGuid: 
  m_Mesh: {fileID: 0}
  m_VersionIndex: 1038
  m_IsSelectable: 1
  m_SelectedFaces: 
  m_SelectedEdges: []
  m_SelectedVertices: 
--- !u!114 &3779102486205033626
MonoBehaviour:
  m_ObjectHideFlags: 0
  m_CorrespondingSourceObject: {fileID: 0}
  m_PrefabInstance: {fileID: 0}
  m_PrefabAsset: {fileID: 0}
  m_GameObject: {fileID: 3779102486205033623}
  m_Enabled: 1
  m_EditorHideFlags: 0
  m_Script: {fileID: 11500000, guid: 1ca002da428252441b92f28d83c8a65f, type: 3}
  m_Name: 
  m_EditorClassIdentifier: 
  m_Shape:
    rid: 1810103260750020650
  m_Size: {x: 0.097192764, y: 0.03124553, z: 0.1288662}
  m_Rotation: {x: 0, y: 0, z: 0, w: 1}
  m_PivotLocation: 1
  m_PivotPosition: {x: 0, y: 0, z: 0}
  m_UnmodifiedMeshVersion: 571
  m_ShapeBox:
    m_Center: {x: 0.048596382, y: 0.015622735, z: 0.064432144}
    m_Extent: {x: 0.048596382, y: 0.015622765, z: 0.0644331}
  references:
    version: 2
    RefIds:
    - rid: 1810103260750020650
      type: {class: Cube, ns: UnityEngine.ProBuilder.Shapes, asm: Unity.ProBuilder}
--- !u!23 &3779102486205033627
MeshRenderer:
  m_ObjectHideFlags: 0
  m_CorrespondingSourceObject: {fileID: 0}
  m_PrefabInstance: {fileID: 0}
  m_PrefabAsset: {fileID: 0}
  m_GameObject: {fileID: 3779102486205033623}
  m_Enabled: 1
  m_CastShadows: 1
  m_ReceiveShadows: 1
  m_DynamicOccludee: 1
  m_StaticShadowCaster: 0
  m_MotionVectors: 1
  m_LightProbeUsage: 1
  m_ReflectionProbeUsage: 1
  m_RayTracingMode: 2
  m_RayTraceProcedural: 0
  m_RenderingLayerMask: 1
  m_RendererPriority: 0
  m_Materials:
  - {fileID: 2100000, guid: 569dd7fe2f69f6244a2ccc86e4103594, type: 2}
  m_StaticBatchInfo:
    firstSubMesh: 0
    subMeshCount: 0
  m_StaticBatchRoot: {fileID: 0}
  m_ProbeAnchor: {fileID: 0}
  m_LightProbeVolumeOverride: {fileID: 0}
  m_ScaleInLightmap: 1
  m_ReceiveGI: 1
  m_PreserveUVs: 0
  m_IgnoreNormalsForChartDetection: 0
  m_ImportantGI: 0
  m_StitchLightmapSeams: 1
  m_SelectedEditorRenderState: 2
  m_MinimumChartSize: 4
  m_AutoUVMaxDistance: 0.5
  m_AutoUVMaxAngle: 89
  m_LightmapParameters: {fileID: 0}
  m_SortingLayerID: 0
  m_SortingLayer: 0
  m_SortingOrder: 0
  m_AdditionalVertexStreams: {fileID: 0}
--- !u!33 &3779102486205033620
MeshFilter:
  m_ObjectHideFlags: 0
  m_CorrespondingSourceObject: {fileID: 0}
  m_PrefabInstance: {fileID: 0}
  m_PrefabAsset: {fileID: 0}
  m_GameObject: {fileID: 3779102486205033623}
  m_Mesh: {fileID: 0}
--- !u!1 &3779102486672702694
GameObject:
  m_ObjectHideFlags: 0
  m_CorrespondingSourceObject: {fileID: 0}
  m_PrefabInstance: {fileID: 0}
  m_PrefabAsset: {fileID: 0}
  serializedVersion: 6
  m_Component:
  - component: {fileID: 3779102486672702693}
  - component: {fileID: 9173240963373347208}
  - component: {fileID: 4097025804097546021}
  m_Layer: 0
  m_Name: Encendedor
  m_TagString: Encendedor
  m_Icon: {fileID: 0}
  m_NavMeshLayer: 0
  m_StaticEditorFlags: 0
  m_IsActive: 1
--- !u!4 &3779102486672702693
Transform:
  m_ObjectHideFlags: 0
  m_CorrespondingSourceObject: {fileID: 0}
  m_PrefabInstance: {fileID: 0}
  m_PrefabAsset: {fileID: 0}
  m_GameObject: {fileID: 3779102486672702694}
  m_LocalRotation: {x: -0, y: -0, z: -0, w: 1}
  m_LocalPosition: {x: -4.2708044, y: 0.6275761, z: 7.6988797}
  m_LocalScale: {x: 1, y: 1, z: 1}
  m_ConstrainProportionsScale: 0
  m_Children:
  - {fileID: 3779102486932660159}
  - {fileID: 3779102486205033622}
  - {fileID: 6056554709459215299}
  - {fileID: 7202605515666741654}
  m_Father: {fileID: 0}
  m_RootOrder: 0
  m_LocalEulerAnglesHint: {x: 0, y: 0, z: 0}
--- !u!65 &9173240963373347208
BoxCollider:
  m_ObjectHideFlags: 0
  m_CorrespondingSourceObject: {fileID: 0}
  m_PrefabInstance: {fileID: 0}
  m_PrefabAsset: {fileID: 0}
  m_GameObject: {fileID: 3779102486672702694}
  m_Material: {fileID: 0}
  m_IsTrigger: 0
  m_Enabled: 1
  serializedVersion: 2
  m_Size: {x: 0.10280046, y: 0.30154324, z: 0.19905664}
  m_Center: {x: 0.0014481928, y: 0.053429965, z: -0.02467508}
--- !u!114 &4097025804097546021
MonoBehaviour:
  m_ObjectHideFlags: 0
  m_CorrespondingSourceObject: {fileID: 0}
  m_PrefabInstance: {fileID: 0}
  m_PrefabAsset: {fileID: 0}
  m_GameObject: {fileID: 3779102486672702694}
  m_Enabled: 1
  m_EditorHideFlags: 0
  m_Script: {fileID: 11500000, guid: 5fea29bb7c508c244a1f805a5fd3fc4d, type: 3}
  m_Name: 
  m_EditorClassIdentifier: 
  outlineMode: 0
  outlineColor: {r: 1, g: 1, b: 1, a: 1}
  outlineWidth: 2
  precomputeOutline: 0
  bakeKeys: []
  bakeValues: []
--- !u!1 &3779102486932660152
GameObject:
  m_ObjectHideFlags: 0
  m_CorrespondingSourceObject: {fileID: 0}
  m_PrefabInstance: {fileID: 0}
  m_PrefabAsset: {fileID: 0}
  serializedVersion: 6
  m_Component:
  - component: {fileID: 3779102486932660159}
  - component: {fileID: 3779102486932660130}
  - component: {fileID: 3779102486932660131}
  - component: {fileID: 3779102486932660156}
  - component: {fileID: 3779102486932660157}
  m_Layer: 0
  m_Name: EN_Base
  m_TagString: Untagged
  m_Icon: {fileID: 0}
  m_NavMeshLayer: 0
  m_StaticEditorFlags: 0
  m_IsActive: 1
--- !u!4 &3779102486932660159
Transform:
  m_ObjectHideFlags: 0
  m_CorrespondingSourceObject: {fileID: 0}
  m_PrefabInstance: {fileID: 0}
  m_PrefabAsset: {fileID: 0}
  m_GameObject: {fileID: 3779102486932660152}
  m_LocalRotation: {x: -0.35355106, y: -0.35355622, z: 0.6123745, w: -0.6123702}
  m_LocalPosition: {x: -0.0013999939, y: 0.07160008, z: 0.025400162}
  m_LocalScale: {x: 0.39011997, y: 0.39012003, z: 0.31273973}
  m_ConstrainProportionsScale: 0
  m_Children: []
  m_Father: {fileID: 3779102486672702693}
  m_RootOrder: 0
  m_LocalEulerAnglesHint: {x: 60, y: 0, z: 270}
--- !u!114 &3779102486932660130
MonoBehaviour:
  m_ObjectHideFlags: 0
  m_CorrespondingSourceObject: {fileID: 0}
  m_PrefabInstance: {fileID: 0}
  m_PrefabAsset: {fileID: 0}
  m_GameObject: {fileID: 3779102486932660152}
  m_Enabled: 1
  m_EditorHideFlags: 0
  m_Script: {fileID: 11500000, guid: 8233d90336aea43098adf6dbabd606a2, type: 3}
  m_Name: 
  m_EditorClassIdentifier: 
  m_MeshFormatVersion: 2
  m_Faces:
  - m_Indexes: 000000000100000002000000010000000300000002000000
    m_SmoothingGroup: -1
    m_Uv:
      m_UseWorldSpace: 0
      m_FlipU: 0
      m_FlipV: 0
      m_SwapUV: 0
      m_Fill: 1
      m_Scale: {x: 1, y: 1}
      m_Offset: {x: 0, y: 0}
      m_Rotation: 0
      m_Anchor: 9
    m_Material: {fileID: 0}
    m_SubmeshIndex: 0
    m_ManualUV: 0
    elementGroup: -1
    m_TextureGroup: -1
  - m_Indexes: 040000000500000006000000050000000700000006000000
    m_SmoothingGroup: -1
    m_Uv:
      m_UseWorldSpace: 0
      m_FlipU: 0
      m_FlipV: 0
      m_SwapUV: 0
      m_Fill: 1
      m_Scale: {x: 1, y: 1}
      m_Offset: {x: 0, y: 0}
      m_Rotation: 0
      m_Anchor: 9
    m_Material: {fileID: 0}
    m_SubmeshIndex: 0
    m_ManualUV: 0
    elementGroup: -1
    m_TextureGroup: -1
  - m_Indexes: 08000000090000000a000000090000000b0000000a000000
    m_SmoothingGroup: -1
    m_Uv:
      m_UseWorldSpace: 0
      m_FlipU: 0
      m_FlipV: 0
      m_SwapUV: 0
      m_Fill: 1
      m_Scale: {x: 1, y: 1}
      m_Offset: {x: 0, y: 0}
      m_Rotation: 0
      m_Anchor: 9
    m_Material: {fileID: 0}
    m_SubmeshIndex: 2
    m_ManualUV: 0
    elementGroup: -1
    m_TextureGroup: -1
  - m_Indexes: 0c0000000d0000000e0000000d0000000f0000000e000000
    m_SmoothingGroup: -1
    m_Uv:
      m_UseWorldSpace: 0
      m_FlipU: 0
      m_FlipV: 0
      m_SwapUV: 0
      m_Fill: 1
      m_Scale: {x: 1, y: 1}
      m_Offset: {x: 0, y: 0}
      m_Rotation: 0
      m_Anchor: 9
    m_Material: {fileID: 0}
    m_SubmeshIndex: 2
    m_ManualUV: 0
    elementGroup: -1
    m_TextureGroup: -1
  - m_Indexes: 100000001100000012000000110000001300000012000000
    m_SmoothingGroup: -1
    m_Uv:
      m_UseWorldSpace: 0
      m_FlipU: 0
      m_FlipV: 0
      m_SwapUV: 0
      m_Fill: 1
      m_Scale: {x: 1, y: 1}
      m_Offset: {x: 0, y: 0}
      m_Rotation: 0
      m_Anchor: 9
    m_Material: {fileID: 0}
    m_SubmeshIndex: 2
    m_ManualUV: 0
    elementGroup: -1
    m_TextureGroup: -1
  - m_Indexes: 140000001500000016000000150000001700000016000000
    m_SmoothingGroup: -1
    m_Uv:
      m_UseWorldSpace: 0
      m_FlipU: 0
      m_FlipV: 0
      m_SwapUV: 0
      m_Fill: 1
      m_Scale: {x: 1, y: 1}
      m_Offset: {x: 0, y: 0}
      m_Rotation: 0
      m_Anchor: 9
    m_Material: {fileID: 0}
    m_SubmeshIndex: 0
    m_ManualUV: 0
    elementGroup: -1
    m_TextureGroup: -1
  - m_Indexes: 1a0000001900000018000000
    m_SmoothingGroup: 0
    m_Uv:
      m_UseWorldSpace: 0
      m_FlipU: 0
      m_FlipV: 0
      m_SwapUV: 0
      m_Fill: 1
      m_Scale: {x: 1, y: 1}
      m_Offset: {x: 0, y: 0}
      m_Rotation: 0
      m_Anchor: 9
    m_Material: {fileID: 2100000, guid: 31321ba15b8f8eb4c954353edc038b1d, type: 2}
    m_SubmeshIndex: 2
    m_ManualUV: 0
    elementGroup: -1
    m_TextureGroup: -1
  - m_Indexes: 200000001f0000001e000000
    m_SmoothingGroup: 0
    m_Uv:
      m_UseWorldSpace: 0
      m_FlipU: 0
      m_FlipV: 0
      m_SwapUV: 0
      m_Fill: 1
      m_Scale: {x: 1, y: 1}
      m_Offset: {x: 0, y: 0}
      m_Rotation: 0
      m_Anchor: 9
    m_Material: {fileID: 2100000, guid: 31321ba15b8f8eb4c954353edc038b1d, type: 2}
    m_SubmeshIndex: 2
    m_ManualUV: 0
    elementGroup: -1
    m_TextureGroup: -1
  - m_Indexes: 260000002500000024000000
    m_SmoothingGroup: 0
    m_Uv:
      m_UseWorldSpace: 0
      m_FlipU: 0
      m_FlipV: 0
      m_SwapUV: 0
      m_Fill: 1
      m_Scale: {x: 1, y: 1}
      m_Offset: {x: 0, y: 0}
      m_Rotation: 0
      m_Anchor: 9
    m_Material: {fileID: 2100000, guid: 31321ba15b8f8eb4c954353edc038b1d, type: 2}
    m_SubmeshIndex: 2
    m_ManualUV: 0
    elementGroup: -1
    m_TextureGroup: -1
  - m_Indexes: 2c0000002b0000002a000000
    m_SmoothingGroup: 0
    m_Uv:
      m_UseWorldSpace: 0
      m_FlipU: 0
      m_FlipV: 0
      m_SwapUV: 0
      m_Fill: 1
      m_Scale: {x: 1, y: 1}
      m_Offset: {x: 0, y: 0}
      m_Rotation: 0
      m_Anchor: 9
    m_Material: {fileID: 2100000, guid: 31321ba15b8f8eb4c954353edc038b1d, type: 2}
    m_SubmeshIndex: 2
    m_ManualUV: 0
    elementGroup: -1
    m_TextureGroup: -1
  - m_Indexes: 320000003100000030000000
    m_SmoothingGroup: 0
    m_Uv:
      m_UseWorldSpace: 0
      m_FlipU: 0
      m_FlipV: 0
      m_SwapUV: 0
      m_Fill: 1
      m_Scale: {x: 1, y: 1}
      m_Offset: {x: 0, y: 0}
      m_Rotation: 0
      m_Anchor: 9
    m_Material: {fileID: 2100000, guid: 31321ba15b8f8eb4c954353edc038b1d, type: 2}
    m_SubmeshIndex: 2
    m_ManualUV: 0
    elementGroup: -1
    m_TextureGroup: -1
  - m_Indexes: 380000003700000036000000
    m_SmoothingGroup: 0
    m_Uv:
      m_UseWorldSpace: 0
      m_FlipU: 0
      m_FlipV: 0
      m_SwapUV: 0
      m_Fill: 1
      m_Scale: {x: 1, y: 1}
      m_Offset: {x: 0, y: 0}
      m_Rotation: 0
      m_Anchor: 9
    m_Material: {fileID: 2100000, guid: 31321ba15b8f8eb4c954353edc038b1d, type: 2}
    m_SubmeshIndex: 2
    m_ManualUV: 0
    elementGroup: -1
    m_TextureGroup: -1
  - m_Indexes: 1b0000001c0000001d000000
    m_SmoothingGroup: 0
    m_Uv:
      m_UseWorldSpace: 0
      m_FlipU: 0
      m_FlipV: 0
      m_SwapUV: 0
      m_Fill: 1
      m_Scale: {x: 1, y: 1}
      m_Offset: {x: 0, y: 0}
      m_Rotation: 0
      m_Anchor: 9
    m_Material: {fileID: 2100000, guid: 31321ba15b8f8eb4c954353edc038b1d, type: 2}
    m_SubmeshIndex: 2
    m_ManualUV: 0
    elementGroup: -1
    m_TextureGroup: -1
  - m_Indexes: 210000002200000023000000
    m_SmoothingGroup: 0
    m_Uv:
      m_UseWorldSpace: 0
      m_FlipU: 0
      m_FlipV: 0
      m_SwapUV: 0
      m_Fill: 1
      m_Scale: {x: 1, y: 1}
      m_Offset: {x: 0, y: 0}
      m_Rotation: 0
      m_Anchor: 9
    m_Material: {fileID: 2100000, guid: 31321ba15b8f8eb4c954353edc038b1d, type: 2}
    m_SubmeshIndex: 2
    m_ManualUV: 0
    elementGroup: -1
    m_TextureGroup: -1
  - m_Indexes: 270000002800000029000000
    m_SmoothingGroup: 0
    m_Uv:
      m_UseWorldSpace: 0
      m_FlipU: 0
      m_FlipV: 0
      m_SwapUV: 0
      m_Fill: 1
      m_Scale: {x: 1, y: 1}
      m_Offset: {x: 0, y: 0}
      m_Rotation: 0
      m_Anchor: 9
    m_Material: {fileID: 2100000, guid: 31321ba15b8f8eb4c954353edc038b1d, type: 2}
    m_SubmeshIndex: 2
    m_ManualUV: 0
    elementGroup: -1
    m_TextureGroup: -1
  - m_Indexes: 2d0000002e0000002f000000
    m_SmoothingGroup: 0
    m_Uv:
      m_UseWorldSpace: 0
      m_FlipU: 0
      m_FlipV: 0
      m_SwapUV: 0
      m_Fill: 1
      m_Scale: {x: 1, y: 1}
      m_Offset: {x: 0, y: 0}
      m_Rotation: 0
      m_Anchor: 9
    m_Material: {fileID: 2100000, guid: 31321ba15b8f8eb4c954353edc038b1d, type: 2}
    m_SubmeshIndex: 2
    m_ManualUV: 0
    elementGroup: -1
    m_TextureGroup: -1
  - m_Indexes: 330000003400000035000000
    m_SmoothingGroup: 0
    m_Uv:
      m_UseWorldSpace: 0
      m_FlipU: 0
      m_FlipV: 0
      m_SwapUV: 0
      m_Fill: 1
      m_Scale: {x: 1, y: 1}
      m_Offset: {x: 0, y: 0}
      m_Rotation: 0
      m_Anchor: 9
    m_Material: {fileID: 2100000, guid: 31321ba15b8f8eb4c954353edc038b1d, type: 2}
    m_SubmeshIndex: 2
    m_ManualUV: 0
    elementGroup: -1
    m_TextureGroup: -1
  - m_Indexes: 390000003a0000003b000000
    m_SmoothingGroup: 0
    m_Uv:
      m_UseWorldSpace: 0
      m_FlipU: 0
      m_FlipV: 0
      m_SwapUV: 0
      m_Fill: 1
      m_Scale: {x: 1, y: 1}
      m_Offset: {x: 0, y: 0}
      m_Rotation: 0
      m_Anchor: 9
    m_Material: {fileID: 2100000, guid: 31321ba15b8f8eb4c954353edc038b1d, type: 2}
    m_SubmeshIndex: 2
    m_ManualUV: 0
    elementGroup: -1
    m_TextureGroup: -1
  - m_Indexes: 3c0000003d0000003e0000003d0000003f0000003e000000
    m_SmoothingGroup: 0
    m_Uv:
      m_UseWorldSpace: 0
      m_FlipU: 0
      m_FlipV: 0
      m_SwapUV: 0
      m_Fill: 1
      m_Scale: {x: 1, y: 1}
      m_Offset: {x: 0, y: 0}
      m_Rotation: 0
      m_Anchor: 9
    m_Material: {fileID: 0}
    m_SubmeshIndex: 0
    m_ManualUV: 0
    elementGroup: -1
    m_TextureGroup: -1
  - m_Indexes: 400000004100000042000000410000004300000042000000
    m_SmoothingGroup: 0
    m_Uv:
      m_UseWorldSpace: 0
      m_FlipU: 0
      m_FlipV: 0
      m_SwapUV: 0
      m_Fill: 1
      m_Scale: {x: 1, y: 1}
      m_Offset: {x: 0, y: 0}
      m_Rotation: 0
      m_Anchor: 9
    m_Material: {fileID: 0}
    m_SubmeshIndex: 2
    m_ManualUV: 0
    elementGroup: -1
    m_TextureGroup: -1
  - m_Indexes: 440000004500000046000000450000004700000046000000
    m_SmoothingGroup: 0
    m_Uv:
      m_UseWorldSpace: 0
      m_FlipU: 0
      m_FlipV: 0
      m_SwapUV: 0
      m_Fill: 1
      m_Scale: {x: 1, y: 1}
      m_Offset: {x: 0, y: 0}
      m_Rotation: 0
      m_Anchor: 9
    m_Material: {fileID: 0}
    m_SubmeshIndex: 2
    m_ManualUV: 0
    elementGroup: -1
    m_TextureGroup: -1
  - m_Indexes: 48000000490000004a000000490000004b0000004a000000
    m_SmoothingGroup: 0
    m_Uv:
      m_UseWorldSpace: 0
      m_FlipU: 0
      m_FlipV: 0
      m_SwapUV: 0
      m_Fill: 1
      m_Scale: {x: 1, y: 1}
      m_Offset: {x: 0, y: 0}
      m_Rotation: 0
      m_Anchor: 9
    m_Material: {fileID: 0}
    m_SubmeshIndex: 2
    m_ManualUV: 0
    elementGroup: -1
    m_TextureGroup: -1
  - m_Indexes: 4c0000004d0000004e0000004d0000004f0000004e000000
    m_SmoothingGroup: 0
    m_Uv:
      m_UseWorldSpace: 0
      m_FlipU: 0
      m_FlipV: 0
      m_SwapUV: 0
      m_Fill: 1
      m_Scale: {x: 1.2917235, y: 3.9978123}
      m_Offset: {x: -0.8424855, y: -0.45109418}
      m_Rotation: 270
      m_Anchor: 9
    m_Material: {fileID: 0}
    m_SubmeshIndex: 1
    m_ManualUV: 0
    elementGroup: -1
    m_TextureGroup: -1
  - m_Indexes: 500000005100000052000000510000005300000052000000
    m_SmoothingGroup: 0
    m_Uv:
      m_UseWorldSpace: 0
      m_FlipU: 0
      m_FlipV: 1
      m_SwapUV: 0
      m_Fill: 1
      m_Scale: {x: 1.9461741, y: 1.6873837}
      m_Offset: {x: -0.16879314, y: -0.031954616}
      m_Rotation: 144.23853
      m_Anchor: 9
    m_Material: {fileID: 0}
    m_SubmeshIndex: 1
    m_ManualUV: 0
    elementGroup: -1
    m_TextureGroup: -1
  - m_Indexes: 540000005500000056000000550000005700000056000000
    m_SmoothingGroup: 0
    m_Uv:
      m_UseWorldSpace: 0
      m_FlipU: 0
      m_FlipV: 0
      m_SwapUV: 0
      m_Fill: 1
      m_Scale: {x: 0.32772124, y: 1.0142792}
      m_Offset: {x: 0.081117734, y: 0.00157217}
      m_Rotation: 90
      m_Anchor: 9
    m_Material: {fileID: 0}
    m_SubmeshIndex: 1
    m_ManualUV: 0
    elementGroup: -1
    m_TextureGroup: -1
  - m_Indexes: 58000000590000005a000000590000005b0000005a000000
    m_SmoothingGroup: 0
    m_Uv:
      m_UseWorldSpace: 0
      m_FlipU: 0
      m_FlipV: 0
      m_SwapUV: 0
      m_Fill: 1
      m_Scale: {x: 0.51781666, y: 0.3963237}
      m_Offset: {x: -0.09198228, y: 0.09105257}
      m_Rotation: 215.76147
      m_Anchor: 9
    m_Material: {fileID: 0}
    m_SubmeshIndex: 1
    m_ManualUV: 0
    elementGroup: -1
    m_TextureGroup: -1
  - m_Indexes: 5c0000005d0000005e0000005d0000005f0000005e000000
    m_SmoothingGroup: 0
    m_Uv:
      m_UseWorldSpace: 0
      m_FlipU: 0
      m_FlipV: 0
      m_SwapUV: 0
      m_Fill: 1
      m_Scale: {x: 0.5481032, y: 1.0142695}
      m_Offset: {x: 0.0622717, y: 0.0327531}
      m_Rotation: 90.000565
      m_Anchor: 9
    m_Material: {fileID: 0}
    m_SubmeshIndex: 2
    m_ManualUV: 0
    elementGroup: -1
    m_TextureGroup: -1
  - m_Indexes: 600000006100000062000000610000006300000062000000
    m_SmoothingGroup: 0
    m_Uv:
      m_UseWorldSpace: 0
      m_FlipU: 0
      m_FlipV: 0
      m_SwapUV: 0
      m_Fill: 1
      m_Scale: {x: 0.5481067, y: 1.014275}
      m_Offset: {x: 0.013042399, y: 0.0015723266}
      m_Rotation: 269.99942
      m_Anchor: 9
    m_Material: {fileID: 0}
    m_SubmeshIndex: 0
    m_ManualUV: 0
    elementGroup: -1
    m_TextureGroup: -1
  - m_Indexes: 640000006500000066000000650000006700000066000000
    m_SmoothingGroup: 0
    m_Uv:
      m_UseWorldSpace: 0
      m_FlipU: 0
      m_FlipV: 0
      m_SwapUV: 0
      m_Fill: 1
      m_Scale: {x: 0.47935772, y: 1.0142817}
      m_Offset: {x: -0.07771208, y: -0.07330447}
      m_Rotation: 90.000465
      m_Anchor: 9
    m_Material: {fileID: 0}
    m_SubmeshIndex: 1
    m_ManualUV: 0
    elementGroup: 1
    m_TextureGroup: -1
  - m_Indexes: 68000000690000006a000000690000006b0000006a000000
    m_SmoothingGroup: 0
    m_Uv:
      m_UseWorldSpace: 0
      m_FlipU: 0
      m_FlipV: 0
      m_SwapUV: 0
      m_Fill: 1
      m_Scale: {x: 1.2044543, y: 1.2044543}
      m_Offset: {x: -0.71616286, y: -0.3594957}
      m_Rotation: 306.9381
      m_Anchor: 9
    m_Material: {fileID: 0}
    m_SubmeshIndex: 1
    m_ManualUV: 0
    elementGroup: 1
    m_TextureGroup: -1
  - m_Indexes: 6c0000006d0000006e0000006d0000006f0000006e000000
    m_SmoothingGroup: 0
    m_Uv:
      m_UseWorldSpace: 0
      m_FlipU: 0
      m_FlipV: 0
      m_SwapUV: 0
      m_Fill: 1
      m_Scale: {x: 1.5604619, y: 1.4987223}
      m_Offset: {x: 0.008715041, y: -0.24128649}
      m_Rotation: 43.568027
      m_Anchor: 9
    m_Material: {fileID: 0}
    m_SubmeshIndex: 1
    m_ManualUV: 0
    elementGroup: -1
    m_TextureGroup: -1
  - m_Indexes: 700000007100000072000000710000007300000072000000
    m_SmoothingGroup: 0
    m_Uv:
      m_UseWorldSpace: 0
      m_FlipU: 0
      m_FlipV: 0
      m_SwapUV: 0
      m_Fill: 1
      m_Scale: {x: 0.55671585, y: 1.0142817}
      m_Offset: {x: 0.13616295, y: 0.07646504}
      m_Rotation: 90.00054
      m_Anchor: 9
    m_Material: {fileID: 0}
    m_SubmeshIndex: 1
    m_ManualUV: 0
    elementGroup: -1
    m_TextureGroup: -1
  - m_Indexes: 740000007500000076000000750000007700000076000000
    m_SmoothingGroup: 0
    m_Uv:
      m_UseWorldSpace: 0
      m_FlipU: 0
      m_FlipV: 0
      m_SwapUV: 0
      m_Fill: 1
      m_Scale: {x: 0.32774982, y: 1.0142733}
      m_Offset: {x: -0.03833366, y: -0.0628925}
      m_Rotation: 270
      m_Anchor: 9
    m_Material: {fileID: 0}
    m_SubmeshIndex: 1
    m_ManualUV: 0
    elementGroup: -1
    m_TextureGroup: -1
  - m_Indexes: 78000000790000007a000000790000007b0000007a000000
    m_SmoothingGroup: 0
    m_Uv:
      m_UseWorldSpace: 0
      m_FlipU: 0
      m_FlipV: 0
      m_SwapUV: 0
      m_Fill: 1
      m_Scale: {x: 0.5464694, y: 0.5350237}
      m_Offset: {x: -0.051952865, y: -0.036879398}
      m_Rotation: 215.76147
      m_Anchor: 9
    m_Material: {fileID: 0}
    m_SubmeshIndex: 1
    m_ManualUV: 0
    elementGroup: -1
    m_TextureGroup: -1
  - m_Indexes: 7c0000007d0000007e0000007d0000007f0000007e000000
    m_SmoothingGroup: 0
    m_Uv:
      m_UseWorldSpace: 0
      m_FlipU: 0
      m_FlipV: 0
      m_SwapUV: 0
      m_Fill: 1
      m_Scale: {x: 0.5464694, y: 0.53502387}
      m_Offset: {x: 0.051952865, y: -0.03687924}
      m_Rotation: 144.23853
      m_Anchor: 9
    m_Material: {fileID: 0}
    m_SubmeshIndex: 1
    m_ManualUV: 0
    elementGroup: -1
    m_TextureGroup: -1
  - m_Indexes: 800000008100000082000000810000008300000082000000
    m_SmoothingGroup: 0
    m_Uv:
      m_UseWorldSpace: 0
      m_FlipU: 0
      m_FlipV: 0
      m_SwapUV: 0
      m_Fill: 1
      m_Scale: {x: 0.32775107, y: 1.0142732}
      m_Offset: {x: 0.018459639, y: -0.062755324}
      m_Rotation: 90
      m_Anchor: 9
    m_Material: {fileID: 0}
    m_SubmeshIndex: 1
    m_ManualUV: 0
    elementGroup: -1
    m_TextureGroup: -1
  - m_Indexes: 840000008500000086000000850000008700000086000000
    m_SmoothingGroup: 0
    m_Uv:
      m_UseWorldSpace: 0
      m_FlipU: 0
      m_FlipV: 0
      m_SwapUV: 0
      m_Fill: 1
      m_Scale: {x: 0.53981346, y: 1.0142733}
      m_Offset: {x: -0.024119567, y: -0.043581933}
      m_Rotation: 90.00055
      m_Anchor: 9
    m_Material: {fileID: 0}
    m_SubmeshIndex: 2
    m_ManualUV: 0
    elementGroup: -1
    m_TextureGroup: -1
  - m_Indexes: 88000000890000008a000000890000008b0000008a000000
    m_SmoothingGroup: 0
    m_Uv:
      m_UseWorldSpace: 0
      m_FlipU: 0
      m_FlipV: 0
      m_SwapUV: 0
      m_Fill: 1
      m_Scale: {x: 0.54809916, y: 0.8665544}
      m_Offset: {x: 0.08440788, y: -0.09306089}
      m_Rotation: 90.0006
      m_Anchor: 9
    m_Material: {fileID: 0}
    m_SubmeshIndex: 2
    m_ManualUV: 0
    elementGroup: -1
    m_TextureGroup: -1
  - m_Indexes: 8c0000008d0000008e0000008d0000008f0000008e000000
    m_SmoothingGroup: 0
    m_Uv:
      m_UseWorldSpace: 0
      m_FlipU: 0
      m_FlipV: 0
      m_SwapUV: 0
      m_Fill: 1
      m_Scale: {x: 0.5480991, y: 0.8665754}
      m_Offset: {x: -0.031619437, y: 0.09528683}
      m_Rotation: 90.000595
      m_Anchor: 9
    m_Material: {fileID: 0}
    m_SubmeshIndex: 2
    m_ManualUV: 0
    elementGroup: -1
    m_TextureGroup: -1
  - m_Indexes: 900000009100000092000000910000009300000092000000
    m_SmoothingGroup: 0
    m_Uv:
      m_UseWorldSpace: 0
      m_FlipU: 0
      m_FlipV: 0
      m_SwapUV: 0
      m_Fill: 1
      m_Scale: {x: 0.5631106, y: 1.0142733}
      m_Offset: {x: 0.11922598, y: 0.06584381}
      m_Rotation: 90.000565
      m_Anchor: 9
    m_Material: {fileID: 0}
    m_SubmeshIndex: 2
    m_ManualUV: 0
    elementGroup: -1
    m_TextureGroup: -1
  - m_Indexes: 940000009500000096000000950000009700000096000000
    m_SmoothingGroup: 0
    m_Uv:
      m_UseWorldSpace: 0
      m_FlipU: 0
      m_FlipV: 0
      m_SwapUV: 0
      m_Fill: 1
      m_Scale: {x: 0.32772398, y: 1.0142721}
      m_Offset: {x: -0.004888165, y: -0.08727386}
      m_Rotation: 270
      m_Anchor: 9
    m_Material: {fileID: 0}
    m_SubmeshIndex: 2
    m_ManualUV: 0
    elementGroup: -1
    m_TextureGroup: -1
  - m_Indexes: 98000000990000009a000000990000009b0000009a000000
    m_SmoothingGroup: 0
    m_Uv:
      m_UseWorldSpace: 0
      m_FlipU: 0
      m_FlipV: 0
      m_SwapUV: 0
      m_Fill: 1
      m_Scale: {x: 0.5209045, y: 0.40605778}
      m_Offset: {x: -0.0884487, y: -0.10895849}
      m_Rotation: 215.76147
      m_Anchor: 9
    m_Material: {fileID: 0}
    m_SubmeshIndex: 2
    m_ManualUV: 0
    elementGroup: -1
    m_TextureGroup: -1
  - m_Indexes: 9c0000009d0000009e0000009d0000009f0000009e000000
    m_SmoothingGroup: 0
    m_Uv:
      m_UseWorldSpace: 0
      m_FlipU: 0
      m_FlipV: 0
      m_SwapUV: 0
      m_Fill: 1
      m_Scale: {x: 0.5209045, y: 0.40605775}
      m_Offset: {x: 0.08844869, y: -0.10895841}
      m_Rotation: 144.23853
      m_Anchor: 9
    m_Material: {fileID: 0}
    m_SubmeshIndex: 2
    m_ManualUV: 0
    elementGroup: -1
    m_TextureGroup: -1
  - m_Indexes: a0000000a1000000a2000000a1000000a3000000a2000000
    m_SmoothingGroup: 0
    m_Uv:
      m_UseWorldSpace: 0
      m_FlipU: 0
      m_FlipV: 0
      m_SwapUV: 0
      m_Fill: 1
      m_Scale: {x: 0.32772416, y: 1.0142721}
      m_Offset: {x: -0.004084146, y: -0.08726811}
      m_Rotation: 90.00001
      m_Anchor: 9
    m_Material: {fileID: 0}
    m_SubmeshIndex: 2
    m_ManualUV: 0
    elementGroup: -1
    m_TextureGroup: -1
  - m_Indexes: a4000000a5000000a6000000a5000000a7000000a6000000
    m_SmoothingGroup: 0
    m_Uv:
      m_UseWorldSpace: 0
      m_FlipU: 0
      m_FlipV: 0
      m_SwapUV: 0
      m_Fill: 1
      m_Scale: {x: 0.32771733, y: 1.0142725}
      m_Offset: {x: -0.0007753518, y: -0.092934445}
      m_Rotation: 90
      m_Anchor: 9
    m_Material: {fileID: 0}
    m_SubmeshIndex: 0
    m_ManualUV: 0
    elementGroup: -1
    m_TextureGroup: -1
  - m_Indexes: a8000000a9000000aa000000a9000000ab000000aa000000
    m_SmoothingGroup: 0
    m_Uv:
      m_UseWorldSpace: 0
      m_FlipU: 0
      m_FlipV: 0
      m_SwapUV: 0
      m_Fill: 1
      m_Scale: {x: 0.52710867, y: 0.42832676}
      m_Offset: {x: 0.085300505, y: -0.12243815}
      m_Rotation: 144.23853
      m_Anchor: 9
    m_Material: {fileID: 0}
    m_SubmeshIndex: 0
    m_ManualUV: 0
    elementGroup: -1
    m_TextureGroup: -1
  - m_Indexes: ac000000ad000000ae000000ad000000af000000ae000000
    m_SmoothingGroup: 0
    m_Uv:
      m_UseWorldSpace: 0
      m_FlipU: 0
      m_FlipV: 0
      m_SwapUV: 0
      m_Fill: 1
      m_Scale: {x: 0.5271086, y: 0.42832676}
      m_Offset: {x: -0.08530049, y: -0.122438066}
      m_Rotation: 215.76147
      m_Anchor: 9
    m_Material: {fileID: 0}
    m_SubmeshIndex: 0
    m_ManualUV: 0
    elementGroup: -1
    m_TextureGroup: -1
  - m_Indexes: b0000000b1000000b2000000b1000000b3000000b2000000
    m_SmoothingGroup: 0
    m_Uv:
      m_UseWorldSpace: 0
      m_FlipU: 0
      m_FlipV: 0
      m_SwapUV: 0
      m_Fill: 1
      m_Scale: {x: 0.32771724, y: 1.0142725}
      m_Offset: {x: 0.009752396, y: -0.092943005}
      m_Rotation: 270
      m_Anchor: 9
    m_Material: {fileID: 0}
    m_SubmeshIndex: 0
    m_ManualUV: 0
    elementGroup: -1
    m_TextureGroup: -1
  m_SharedVertices:
  - m_Vertices: 00000000160000001800000038000000
  - m_Vertices: 01000000170000001b0000003b000000
  - m_Vertices: 020000001a0000001e0000003c00000041000000
  - m_Vertices: 040000003e00000043000000
  - m_Vertices: 030000001d000000210000003d00000044000000
  - m_Vertices: 050000003f00000046000000
  - m_Vertices: 06000000420000004b000000
  - m_Vertices: 0800000020000000240000004000000049000000
  - m_Vertices: 07000000470000004a000000
  - m_Vertices: 0900000023000000270000004500000048000000
  - m_Vertices: 0a0000000c000000260000002a000000
  - m_Vertices: 0b0000000d000000290000002d000000
  - m_Vertices: 0e000000100000002c00000030000000
  - m_Vertices: 0f000000110000002f00000033000000
  - m_Vertices: 12000000140000003200000036000000
  - m_Vertices: 13000000150000003500000039000000
  - m_Vertices: 190000001f000000250000002b0000003100000037000000
  - m_Vertices: 1c00000022000000280000002e000000340000003a000000
  - m_Vertices: 4c0000005900000062000000
  - m_Vertices: 4d0000005000000063000000
  - m_Vertices: 4e0000005b0000006400000069000000
  - m_Vertices: 5c000000a6000000ab000000
  - m_Vertices: 960000009b000000a4000000a9000000
  - m_Vertices: 860000008b0000009400000099000000
  - m_Vertices: 760000007b0000008400000089000000
  - m_Vertices: 660000006b0000007400000079000000
  - m_Vertices: 4f00000052000000650000006c000000
  - m_Vertices: 5d000000a7000000ae000000
  - m_Vertices: 970000009e000000a5000000ac000000
  - m_Vertices: 870000008e000000950000009c000000
  - m_Vertices: 770000007e000000850000008c000000
  - m_Vertices: 670000006e000000750000007c000000
  - m_Vertices: 510000005400000061000000
  - m_Vertices: 53000000560000006d00000070000000
  - m_Vertices: 5f000000af000000b2000000
  - m_Vertices: 9f000000a2000000ad000000b0000000
  - m_Vertices: 8f000000920000009d000000a0000000
  - m_Vertices: 7f000000820000008d00000090000000
  - m_Vertices: 6f000000720000007d00000080000000
  - m_Vertices: 550000005800000060000000
  - m_Vertices: 570000005a0000006800000071000000
  - m_Vertices: 5e000000aa000000b3000000
  - m_Vertices: 9a000000a3000000a8000000b1000000
  - m_Vertices: 8a0000009300000098000000a1000000
  - m_Vertices: 7a000000830000008800000091000000
  - m_Vertices: 6a000000730000007800000081000000
  m_SharedTextures:
  - m_Vertices: 660000006b000000
  - m_Vertices: 6400000069000000
  m_Positions:
  - {x: 0.054971695, y: -0.009002209, z: 0}
  - {x: 0.054971695, y: 0.009002209, z: 0}
  - {x: 0.027485846, y: -0.009002209, z: 0.05923234}
  - {x: 0.027485846, y: 0.009002209, z: 0.05923234}
  - {x: 0.03620846, y: -0.009002431, z: 0.07818393}
  - {x: 0.036208294, y: 0.009004249, z: 0.078184}
  - {x: -0.0017119385, y: -0.009000421, z: 0.11502162}
  - {x: -0.0017121017, y: 0.009003814, z: 0.1150217}
  - {x: -0.027485847, y: -0.009002209, z: 0.05923234}
  - {x: -0.027485847, y: 0.009002209, z: 0.05923234}
  - {x: -0.054971695, y: -0.009002209, z: -0.000000007450581}
  - {x: -0.054971695, y: 0.009002209, z: -0.000000007450581}
  - {x: -0.054971695, y: -0.009002209, z: -0.000000007450581}
  - {x: -0.054971695, y: 0.009002209, z: -0.000000007450581}
  - {x: -0.02748584, y: -0.009002209, z: -0.05923234}
  - {x: -0.02748584, y: 0.009002209, z: -0.05923234}
  - {x: -0.02748584, y: -0.009002209, z: -0.05923234}
  - {x: -0.02748584, y: 0.009002209, z: -0.05923234}
  - {x: 0.027485842, y: -0.009002209, z: -0.05923234}
  - {x: 0.027485842, y: 0.009002209, z: -0.05923234}
  - {x: 0.027485842, y: -0.009002209, z: -0.05923234}
  - {x: 0.027485842, y: 0.009002209, z: -0.05923234}
  - {x: 0.054971695, y: -0.009002209, z: 0}
  - {x: 0.054971695, y: 0.009002209, z: 0}
  - {x: 0.054971695, y: -0.009002209, z: 0}
  - {x: 0, y: -0.009002209, z: 0}
  - {x: 0.027485846, y: -0.009002209, z: 0.05923234}
  - {x: 0.054971695, y: 0.009002209, z: 0}
  - {x: 0, y: 0.009002209, z: 0}
  - {x: 0.027485846, y: 0.009002209, z: 0.05923234}
  - {x: 0.027485846, y: -0.009002209, z: 0.05923234}
  - {x: 0, y: -0.009002209, z: 0}
  - {x: -0.027485847, y: -0.009002209, z: 0.05923234}
  - {x: 0.027485846, y: 0.009002209, z: 0.05923234}
  - {x: 0, y: 0.009002209, z: 0}
  - {x: -0.027485847, y: 0.009002209, z: 0.05923234}
  - {x: -0.027485847, y: -0.009002209, z: 0.05923234}
  - {x: 0, y: -0.009002209, z: 0}
  - {x: -0.054971695, y: -0.009002209, z: -0.000000007450581}
  - {x: -0.027485847, y: 0.009002209, z: 0.05923234}
  - {x: 0, y: 0.009002209, z: 0}
  - {x: -0.054971695, y: 0.009002209, z: -0.000000007450581}
  - {x: -0.054971695, y: -0.009002209, z: -0.000000007450581}
  - {x: 0, y: -0.009002209, z: 0}
  - {x: -0.02748584, y: -0.009002209, z: -0.05923234}
  - {x: -0.054971695, y: 0.009002209, z: -0.000000007450581}
  - {x: 0, y: 0.009002209, z: 0}
  - {x: -0.02748584, y: 0.009002209, z: -0.05923234}
  - {x: -0.02748584, y: -0.009002209, z: -0.05923234}
  - {x: 0, y: -0.009002209, z: 0}
  - {x: 0.027485842, y: -0.009002209, z: -0.05923234}
  - {x: -0.02748584, y: 0.009002209, z: -0.05923234}
  - {x: 0, y: 0.009002209, z: 0}
  - {x: 0.027485842, y: 0.009002209, z: -0.05923234}
  - {x: 0.027485842, y: -0.009002209, z: -0.05923234}
  - {x: 0, y: -0.009002209, z: 0}
  - {x: 0.054971695, y: -0.009002209, z: 0}
  - {x: 0.027485842, y: 0.009002209, z: -0.05923234}
  - {x: 0, y: 0.009002209, z: 0}
  - {x: 0.054971695, y: 0.009002209, z: 0}
  - {x: 0.027485846, y: -0.009002209, z: 0.05923234}
  - {x: 0.027485846, y: 0.009002209, z: 0.05923234}
  - {x: 0.03620846, y: -0.009002431, z: 0.07818393}
  - {x: 0.036208294, y: 0.009004249, z: 0.078184}
  - {x: -0.027485847, y: -0.009002209, z: 0.05923234}
  - {x: 0.027485846, y: -0.009002209, z: 0.05923234}
  - {x: -0.0017119385, y: -0.009000421, z: 0.11502162}
  - {x: 0.03620846, y: -0.009002431, z: 0.07818393}
  - {x: 0.027485846, y: 0.009002209, z: 0.05923234}
  - {x: -0.027485847, y: 0.009002209, z: 0.05923234}
  - {x: 0.036208294, y: 0.009004249, z: 0.078184}
  - {x: -0.0017121017, y: 0.009003814, z: 0.1150217}
  - {x: -0.027485847, y: 0.009002209, z: 0.05923234}
  - {x: -0.027485847, y: -0.009002209, z: 0.05923234}
  - {x: -0.0017121017, y: 0.009003814, z: 0.1150217}
  - {x: -0.0017119385, y: -0.009000421, z: 0.11502162}
  - {x: 0.09990628, y: -0.09320197, z: 0.5007091}
  - {x: 0.09990457, y: 0.09630084, z: 0.50070983}
  - {x: -0.04934733, y: -0.09320246, z: 0.17823012}
  - {x: -0.04934904, y: 0.09630036, z: 0.17823088}
  - {x: 0.09990457, y: 0.09630084, z: 0.50070983}
  - {x: 0.40461695, y: 0.096304126, z: 0.28125575}
  - {x: -0.04934904, y: 0.09630036, z: 0.17823088}
  - {x: 0.25536337, y: 0.09630366, z: -0.041223258}
  - {x: 0.40461695, y: 0.096304126, z: 0.28125575}
  - {x: 0.40461868, y: -0.09319869, z: 0.28125495}
  - {x: 0.25536337, y: 0.09630366, z: -0.041223258}
  - {x: 0.25536507, y: -0.09319916, z: -0.041224044}
  - {x: 0.40461868, y: -0.09319869, z: 0.28125495}
  - {x: 0.09990628, y: -0.09320197, z: 0.5007091}
  - {x: 0.25536507, y: -0.09319916, z: -0.041224044}
  - {x: -0.04934733, y: -0.09320246, z: 0.17823012}
  - {x: 0.061347894, y: -0.06363646, z: 0.014388385}
  - {x: 0.06134671, y: 0.06673719, z: 0.014388921}
  - {x: 0.17859057, y: -0.06363519, z: -0.07004989}
  - {x: 0.17858939, y: 0.06673846, z: -0.07004937}
  - {x: 0.40461868, y: -0.09319869, z: 0.28125495}
  - {x: 0.40461695, y: 0.096304126, z: 0.28125575}
  - {x: 0.09990628, y: -0.09320197, z: 0.5007091}
  - {x: 0.09990457, y: 0.09630084, z: 0.50070983}
  - {x: -0.04934733, y: -0.09320246, z: 0.17823012}
  - {x: -0.04934904, y: 0.09630036, z: 0.17823088}
  - {x: -0.03268579, y: -0.07937332, z: 0.15020385}
  - {x: -0.032687258, y: 0.08247167, z: 0.15020451}
  - {x: 0.25536507, y: -0.09319916, z: -0.041224044}
  - {x: -0.04934733, y: -0.09320246, z: 0.17823012}
  - {x: 0.22755145, y: -0.079370506, z: -0.03721928}
  - {x: -0.03268579, y: -0.07937332, z: 0.15020385}
  - {x: -0.04934904, y: 0.09630036, z: 0.17823088}
  - {x: 0.25536337, y: 0.09630366, z: -0.041223258}
  - {x: -0.032687258, y: 0.08247167, z: 0.15020451}
  - {x: 0.22754997, y: 0.082474485, z: -0.03721861}
  - {x: 0.25536337, y: 0.09630366, z: -0.041223258}
  - {x: 0.25536507, y: -0.09319916, z: -0.041224044}
  - {x: 0.22754997, y: 0.082474485, z: -0.03721861}
  - {x: 0.22755145, y: -0.079370506, z: -0.03721928}
  - {x: -0.03268579, y: -0.07937332, z: 0.15020385}
  - {x: -0.032687258, y: 0.08247167, z: 0.15020451}
  - {x: -0.03737702, y: -0.079373345, z: 0.14008014}
  - {x: -0.037378486, y: 0.08247166, z: 0.1400808}
  - {x: 0.22755145, y: -0.079370506, z: -0.03721928}
  - {x: -0.03268579, y: -0.07937332, z: 0.15020385}
  - {x: 0.22286022, y: -0.079370536, z: -0.04734299}
  - {x: -0.03737702, y: -0.079373345, z: 0.14008014}
  - {x: -0.032687258, y: 0.08247167, z: 0.15020451}
  - {x: 0.22754997, y: 0.082474485, z: -0.03721861}
  - {x: -0.037378486, y: 0.08247166, z: 0.1400808}
  - {x: 0.22285876, y: 0.08247446, z: -0.047342323}
  - {x: 0.22754997, y: 0.082474485, z: -0.03721861}
  - {x: 0.22755145, y: -0.079370506, z: -0.03721928}
  - {x: 0.22285876, y: 0.08247446, z: -0.047342323}
  - {x: 0.22286022, y: -0.079370536, z: -0.04734299}
  - {x: -0.03737702, y: -0.079373345, z: 0.14008014}
  - {x: -0.037378486, y: 0.08247166, z: 0.1400808}
  - {x: 0.075870045, y: -0.063636415, z: 0.045740712}
  - {x: 0.07586886, y: 0.06673724, z: 0.04574125}
  - {x: 0.22286022, y: -0.079370536, z: -0.04734299}
  - {x: -0.03737702, y: -0.079373345, z: 0.14008014}
  - {x: 0.19311272, y: -0.06363515, z: -0.038697578}
  - {x: 0.075870045, y: -0.063636415, z: 0.045740712}
  - {x: -0.037378486, y: 0.08247166, z: 0.1400808}
  - {x: 0.22285876, y: 0.08247446, z: -0.047342323}
  - {x: 0.07586886, y: 0.06673724, z: 0.04574125}
  - {x: 0.19311152, y: 0.0667385, z: -0.038697053}
  - {x: 0.22285876, y: 0.08247446, z: -0.047342323}
  - {x: 0.22286022, y: -0.079370536, z: -0.04734299}
  - {x: 0.19311152, y: 0.0667385, z: -0.038697053}
  - {x: 0.19311272, y: -0.06363515, z: -0.038697578}
  - {x: 0.075870045, y: -0.063636415, z: 0.045740712}
  - {x: 0.07586886, y: 0.06673724, z: 0.04574125}
  - {x: 0.026753455, y: -0.06363657, z: -0.06036894}
  - {x: 0.02675227, y: 0.06673708, z: -0.060368404}
  - {x: 0.19311272, y: -0.06363515, z: -0.038697578}
  - {x: 0.075870045, y: -0.063636415, z: 0.045740712}
  - {x: 0.14399613, y: -0.063635305, z: -0.14480723}
  - {x: 0.026753455, y: -0.06363657, z: -0.06036894}
  - {x: 0.07586886, y: 0.06673724, z: 0.04574125}
  - {x: 0.19311152, y: 0.0667385, z: -0.038697053}
  - {x: 0.02675227, y: 0.06673708, z: -0.060368404}
  - {x: 0.14399494, y: 0.066738345, z: -0.1448067}
  - {x: 0.19311152, y: 0.0667385, z: -0.038697053}
  - {x: 0.19311272, y: -0.06363515, z: -0.038697578}
  - {x: 0.14399494, y: 0.066738345, z: -0.1448067}
  - {x: 0.14399613, y: -0.063635305, z: -0.14480723}
  - {x: 0.026753455, y: -0.06363657, z: -0.06036894}
  - {x: 0.02675227, y: 0.06673708, z: -0.060368404}
  - {x: 0.061347894, y: -0.06363646, z: 0.014388385}
  - {x: 0.06134671, y: 0.06673719, z: 0.014388921}
  - {x: 0.14399613, y: -0.063635305, z: -0.14480723}
  - {x: 0.026753455, y: -0.06363657, z: -0.06036894}
  - {x: 0.17859057, y: -0.06363519, z: -0.07004989}
  - {x: 0.061347894, y: -0.06363646, z: 0.014388385}
  - {x: 0.02675227, y: 0.06673708, z: -0.060368404}
  - {x: 0.14399494, y: 0.066738345, z: -0.1448067}
  - {x: 0.06134671, y: 0.06673719, z: 0.014388921}
  - {x: 0.17858939, y: 0.06673846, z: -0.07004937}
  - {x: 0.14399494, y: 0.066738345, z: -0.1448067}
  - {x: 0.14399613, y: -0.063635305, z: -0.14480723}
  - {x: 0.17858939, y: 0.06673846, z: -0.07004937}
  - {x: 0.17859057, y: -0.06363519, z: -0.07004989}
  m_Textures0:
  - {x: -0.023138897, y: -0.009002209}
  - {x: -0.023138897, y: 0.009002209}
  - {x: 0.04215997, y: -0.009002209}
  - {x: 0.04215997, y: 0.009002209}
  - {x: 0.02850668, y: -0.009002706}
  - {x: 0.028506849, y: 0.0090039745}
  - {x: 0.081374176, y: -0.009000695}
  - {x: 0.08137435, y: 0.00900354}
  - {x: -0.04215997, y: -0.009002209}
  - {x: -0.04215997, y: 0.009002209}
  - {x: 0.023138901, y: -0.009002209}
  - {x: 0.023138901, y: 0.009002209}
  - {x: -0.023138896, y: -0.009002209}
  - {x: -0.023138896, y: 0.009002209}
  - {x: 0.042159963, y: -0.009002209}
  - {x: 0.042159963, y: 0.009002209}
  - {x: -0.02748584, y: -0.009002209}
  - {x: -0.02748584, y: 0.009002209}
  - {x: 0.027485842, y: -0.009002209}
  - {x: 0.027485842, y: 0.009002209}
  - {x: -0.042159967, y: -0.009002209}
  - {x: -0.042159967, y: 0.009002209}
  - {x: 0.0231389, y: -0.009002209}
  - {x: 0.0231389, y: 0.009002209}
  - {x: -0.054971695, y: 0}
  - {x: 0, y: 0}
  - {x: -0.027485846, y: 0.05923234}
  - {x: 0.054971695, y: 0}
  - {x: 0, y: 0}
  - {x: 0.027485846, y: 0.05923234}
  - {x: -0.027485846, y: 0.05923234}
  - {x: 0, y: 0}
  - {x: 0.027485847, y: 0.05923234}
  - {x: 0.027485846, y: 0.05923234}
  - {x: 0, y: 0}
  - {x: -0.027485847, y: 0.05923234}
  - {x: 0.027485847, y: 0.05923234}
  - {x: 0, y: 0}
  - {x: 0.054971695, y: -0.000000007450581}
  - {x: -0.027485847, y: 0.05923234}
  - {x: 0, y: 0}
  - {x: -0.054971695, y: -0.000000007450581}
  - {x: 0.054971695, y: -0.000000007450581}
  - {x: 0, y: 0}
  - {x: 0.02748584, y: -0.05923234}
  - {x: -0.054971695, y: -0.000000007450581}
  - {x: 0, y: 0}
  - {x: -0.02748584, y: -0.05923234}
  - {x: 0.02748584, y: -0.05923234}
  - {x: 0, y: 0}
  - {x: -0.027485842, y: -0.05923234}
  - {x: -0.02748584, y: -0.05923234}
  - {x: 0, y: 0}
  - {x: 0.027485842, y: -0.05923234}
  - {x: -0.027485842, y: -0.05923234}
  - {x: 0, y: 0}
  - {x: -0.054971695, y: 0}
  - {x: 0.027485842, y: -0.05923234}
  - {x: 0, y: 0}
  - {x: 0.054971695, y: 0}
  - {x: 0.06529855, y: -0.009002209}
  - {x: 0.06529855, y: 0.009002209}
  - {x: 0.086161114, y: -0.009002431}
  - {x: 0.086161114, y: 0.009004249}
  - {x: 0.027485847, y: 0.059232052}
  - {x: -0.027485846, y: 0.059232052}
  - {x: 0.0017119385, y: 0.11502133}
  - {x: -0.03620846, y: 0.078183636}
  - {x: 0.027485846, y: 0.059233308}
  - {x: -0.027485847, y: 0.059233308}
  - {x: 0.036208294, y: 0.07818497}
  - {x: -0.0017121017, y: 0.11502267}
  - {x: -0.04224414, y: 0.009002209}
  - {x: -0.04224414, y: -0.009002209}
  - {x: -0.10369932, y: 0.009003814}
  - {x: -0.10369932, y: -0.009000421}
  - {x: 0.8096224, y: 0.22778907}
  - {x: 0.052025735, y: 0.22778925}
  - {x: 0.8096243, y: 0.6867953}
  - {x: 0.052027643, y: 0.68679535}
  - {x: 0.9044621, y: -0.07309893}
  - {x: 0.20683944, y: -0.027014017}
  - {x: 0.8221635, y: -0.6844059}
  - {x: 0.12454072, y: -0.63832104}
  - {x: 0.09610464, y: -0.058226947}
  - {x: -0.09610414, y: -0.05822694}
  - {x: 0.09610416, y: 0.05822682}
  - {x: -0.09610462, y: 0.058226828}
  - {x: 0.08344396, y: -0.08525565}
  - {x: -0.0954211, y: -0.063620485}
  - {x: 0.09542109, y: 0.06362035}
  - {x: -0.08344396, y: 0.085255526}
  - {x: -0.06611684, y: 0.00841634}
  - {x: 0.06611717, y: 0.008415747}
  - {x: -0.06611633, y: -0.07077588}
  - {x: 0.066117674, y: -0.07077648}
  - {x: 0.09610334, y: -0.10291004}
  - {x: -0.096104614, y: -0.102910936}
  - {x: 0.096104614, y: 0.10291097}
  - {x: -0.09610334, y: 0.10291004}
  - {x: -0.09610457, y: 0.08269038}
  - {x: 0.0961047, y: 0.08268955}
  - {x: -0.08207805, y: 0.06706086}
  - {x: 0.08207837, y: 0.06706015}
  - {x: 0.5888342, y: 0.22064982}
  - {x: 0.51423126, y: 0.66674256}
  - {x: 0.6064367, y: 0.25401306}
  - {x: 0.54272264, y: 0.6349951}
  - {x: 0.20133966, y: 0.6352931}
  - {x: 0.21291715, y: 0.061491102}
  - {x: 0.17319551, y: 0.590191}
  - {x: 0.18308315, y: 0.10013986}
  - {x: 0.09610455, y: -0.08271298}
  - {x: -0.096104704, y: -0.08271216}
  - {x: 0.082078025, y: -0.067068994}
  - {x: -0.0820784, y: -0.0670683}
  - {x: 0.082077086, y: 0.06263621}
  - {x: -0.08207796, y: 0.06263623}
  - {x: 0.082077116, y: 0.066293195}
  - {x: -0.08207794, y: 0.0662932}
  - {x: 0.08644899, y: 0.060578905}
  - {x: -0.08755207, y: 0.06231962}
  - {x: 0.08753415, y: 0.06647231}
  - {x: -0.08646691, y: 0.06821303}
  - {x: 0.08755207, y: 0.062319618}
  - {x: -0.086449, y: 0.06057891}
  - {x: 0.08646692, y: 0.06821302}
  - {x: -0.08753417, y: 0.066472314}
  - {x: 0.08207795, y: 0.0624987}
  - {x: -0.08207708, y: 0.062498704}
  - {x: 0.08207793, y: 0.066155694}
  - {x: -0.08207711, y: 0.066155694}
  - {x: -0.08207674, y: 0.08493583}
  - {x: 0.08207832, y: 0.084935084}
  - {x: -0.066115946, y: 0.005370714}
  - {x: 0.06611857, y: 0.0053701214}
  - {x: -0.06617698, y: -0.08787822}
  - {x: -0.06617805, y: 0.087899186}
  - {x: -0.04984683, y: -0.071878634}
  - {x: -0.049847316, y: 0.007312998}
  - {x: 0.06617749, y: 0.087899}
  - {x: 0.066178545, y: -0.0878784}
  - {x: 0.049847305, y: 0.0073129386}
  - {x: 0.04984778, y: -0.071878694}
  - {x: 0.08207786, y: -0.07299205}
  - {x: -0.08207718, y: -0.07299135}
  - {x: 0.066117465, y: -0.05554785}
  - {x: -0.06611704, y: -0.055547267}
  - {x: 0.066116676, y: 0.069686085}
  - {x: -0.06611769, y: 0.06968609}
  - {x: 0.06611683, y: 0.10800555}
  - {x: -0.066117525, y: 0.10800555}
  - {x: 0.06377233, y: 0.059953067}
  - {x: -0.0058228, y: 0.067822136}
  - {x: 0.06819153, y: 0.10986825}
  - {x: -0.0014036149, y: 0.117737316}
  - {x: 0.0058227926, y: 0.06782214}
  - {x: -0.06377233, y: 0.05995307}
  - {x: 0.0014036, y: 0.117737316}
  - {x: -0.06819153, y: 0.10986824}
  - {x: 0.066117674, y: 0.069680154}
  - {x: -0.066116676, y: 0.06968017}
  - {x: 0.06611752, y: 0.10799964}
  - {x: -0.06611683, y: 0.10799966}
  - {x: -0.06611683, y: 0.10800403}
  - {x: 0.06611757, y: 0.10800403}
  - {x: -0.06611672, y: 0.08100873}
  - {x: 0.06611768, y: 0.08100873}
  - {x: -0.06878177, y: 0.10944314}
  - {x: 0.002502516, y: 0.11621149}
  - {x: -0.0648655, y: 0.07280305}
  - {x: 0.0064187795, y: 0.0795714}
  - {x: -0.0025025085, y: 0.11621148}
  - {x: 0.06878176, y: 0.10944315}
  - {x: -0.006418772, y: 0.079571396}
  - {x: 0.0648655, y: 0.072803065}
  - {x: -0.06611756, y: 0.10801243}
  - {x: 0.06611684, y: 0.10801242}
  - {x: -0.066117674, y: 0.08101713}
  - {x: 0.06611673, y: 0.08101712}
  m_Textures2: []
  m_Textures3: []
  m_Tangents:
  - {x: -0.42092383, y: 0, z: 0.90709597, w: -1}
  - {x: -0.42092383, y: 0, z: 0.90709597, w: -1}
  - {x: -0.42092383, y: 0, z: 0.90709597, w: -1}
  - {x: -0.42092383, y: 0, z: 0.90709597, w: -1}
  - {x: -0.71727234, y: 2.011648e-13, z: 0.69679296, w: -1}
  - {x: -0.7172724, y: -1.0058924e-13, z: 0.6967929, w: -1}
  - {x: -0.7172724, y: -1.0058924e-13, z: 0.6967929, w: -1}
  - {x: -0.71727246, y: -2.0119217e-13, z: 0.69679284, w: -1}
  - {x: -0.42092383, y: 0, z: -0.9070961, w: -1}
  - {x: -0.42092383, y: 0, z: -0.9070961, w: -1}
  - {x: -0.42092383, y: 0, z: -0.9070961, w: -1}
  - {x: -0.42092383, y: 0, z: -0.9070961, w: -1}
  - {x: 0.42092395, y: 0, z: -0.9070959, w: -1}
  - {x: 0.42092395, y: 0, z: -0.9070959, w: -1}
  - {x: 0.42092395, y: 0, z: -0.9070959, w: -1}
  - {x: 0.42092395, y: 0, z: -0.9070959, w: -1}
  - {x: 1, y: 0, z: 0, w: -1}
  - {x: 1, y: 0, z: 0, w: -1}
  - {x: 1, y: 0, z: 0, w: -1}
  - {x: 1, y: 0, z: 0, w: -1}
  - {x: 0.4209239, y: 0, z: 0.90709597, w: -1}
  - {x: 0.4209239, y: 0, z: 0.90709597, w: -1}
  - {x: 0.4209239, y: 0, z: 0.90709597, w: -1}
  - {x: 0.4209239, y: 0, z: 0.90709597, w: -1}
  - {x: -1, y: 0, z: 0, w: -1}
  - {x: -1, y: 0, z: 0, w: -1}
  - {x: -1, y: 0, z: 0, w: -1}
  - {x: 1, y: 0, z: 0, w: -1}
  - {x: 1, y: 0, z: 0, w: -1}
  - {x: 1, y: 0, z: 0, w: -1}
  - {x: -1, y: 0, z: 0, w: -1}
  - {x: -1, y: 0, z: 0, w: -1}
  - {x: -1, y: 0, z: 0, w: -1}
  - {x: 1, y: 0, z: 0, w: -1}
  - {x: 1, y: 0, z: 0, w: -1}
  - {x: 1, y: 0, z: 0, w: -1}
  - {x: -1, y: 0, z: 0, w: -1}
  - {x: -1, y: 0, z: 0, w: -1}
  - {x: -1, y: 0, z: 0, w: -1}
  - {x: 1, y: 0, z: 0, w: -1}
  - {x: 1, y: 0, z: 0, w: -1}
  - {x: 1, y: 0, z: 0, w: -1}
  - {x: -1, y: 0, z: 0, w: -1}
  - {x: -1, y: 0, z: 0, w: -1}
  - {x: -1, y: 0, z: 0, w: -1}
  - {x: 1, y: 0, z: 0, w: -1}
  - {x: 1, y: 0, z: 0, w: -1}
  - {x: 1, y: 0, z: 0, w: -1}
  - {x: -1, y: 0, z: 0, w: -1}
  - {x: -1, y: 0, z: 0, w: -1}
  - {x: -1, y: 0, z: 0, w: -1}
  - {x: 1, y: 0, z: 0, w: -1}
  - {x: 1, y: 0, z: 0, w: -1}
  - {x: 1, y: 0, z: 0, w: -1}
  - {x: -1, y: 0, z: 0, w: -1}
  - {x: -1, y: 0, z: 0, w: -1}
  - {x: -1, y: 0, z: 0, w: -1}
  - {x: 1, y: 0, z: 0, w: -1}
  - {x: 1, y: 0, z: 0, w: -1}
  - {x: 1, y: 0, z: 0, w: -1}
  - {x: 0.41809878, y: 0, z: 0.9084016, w: -1}
  - {x: 0.41809487, y: 2.9799443e-13, z: 0.9084034, w: -1}
  - {x: 0.41809487, y: 2.9799443e-13, z: 0.9084034, w: -1}
  - {x: 0.41809094, y: 2.9799443e-13, z: 0.9084052, w: -1}
  - {x: -1, y: 0, z: 0, w: -1}
  - {x: -1, y: 0.000022263082, z: -0.00000006597824, w: -1}
  - {x: -1, y: 0.000022263082, z: -0.00000006597824, w: -1}
  - {x: -1, y: 0.00004452617, z: -0.00000013195648, w: -1}
  - {x: 1, y: 0, z: 0, w: -1}
  - {x: 1, y: 0.000013607006, z: 0, w: -1}
  - {x: 1, y: 0.000013607006, z: 0, w: -1}
  - {x: 1, y: 0.000027214011, z: 0, w: -1}
  - {x: -0.41939098, y: 0, z: -0.90780574, w: -1}
  - {x: -0.4193923, y: 0, z: -0.9078051, w: -1}
  - {x: -0.4193923, y: 0, z: -0.9078051, w: -1}
  - {x: -0.41939363, y: 0, z: -0.9078045, w: -1}
  - {x: 0.000008735962, y: -1, z: -0.000004437313, w: -1}
  - {x: 0.000008838238, y: -1, z: -0.0000043736013, w: -1}
  - {x: 0.000008838238, y: -1, z: -0.0000043736013, w: -1}
  - {x: 0.000008940512, y: -1, z: -0.00000430989, w: -1}
  - {x: -0.7692329, y: -0.000008518425, z: 0.6389685, w: 1}
  - {x: -0.76923287, y: -0.000008528925, z: 0.6389685, w: 1}
  - {x: -0.76923287, y: -0.000008528925, z: 0.6389685, w: 1}
  - {x: -0.76923287, y: -0.000008539424, z: 0.6389685, w: 1}
  - {x: -0.00000917181, y: 1, z: 0.0000041373046, w: -1}
  - {x: -0.000009093177, y: 1, z: 0.000004058672, w: -1}
  - {x: -0.000009093177, y: 1, z: 0.000004058672, w: -1}
  - {x: -0.000009014544, y: 1, z: 0.000003980039, w: -1}
  - {x: 0.72827196, y: 0.0000082764545, z: -0.68528813, w: -1}
  - {x: 0.72827196, y: 0.000008284647, z: -0.6852882, w: -1}
  - {x: 0.72827196, y: 0.000008284647, z: -0.6852882, w: -1}
  - {x: 0.72827196, y: 0.000008292839, z: -0.68528825, w: -1}
  - {x: -0.000015812728, y: 1, z: 0.00000895173, w: -1}
  - {x: -0.000015805306, y: 1, z: 0.000008913387, w: -1}
  - {x: -0.000015805306, y: 1, z: 0.000008913387, w: -1}
  - {x: -0.000015797887, y: 1, z: 0.000008875046, w: -1}
  - {x: 0.000016106254, y: -1, z: -0.000009276662, w: -1}
  - {x: 0.000016144035, y: -1, z: -0.000009124606, w: -1}
  - {x: 0.000016144035, y: -1, z: -0.000009124606, w: -1}
  - {x: 0.000016181817, y: -1, z: -0.000008972547, w: -1}
  - {x: -0.000013675472, y: 1, z: 0.000011835912, w: -1}
  - {x: -0.0000137032985, y: 1, z: 0.000011864595, w: -1}
  - {x: -0.0000137032985, y: 1, z: 0.000011864595, w: -1}
  - {x: -0.000013731126, y: 1, z: 0.000011893277, w: -1}
  - {x: -0.26103958, y: 0.718499, z: -0.64468414, w: -1}
  - {x: -0.26103893, y: 0.7184991, z: -0.64468414, w: -1}
  - {x: -0.26103893, y: 0.7184991, z: -0.64468414, w: -1}
  - {x: -0.2610383, y: 0.7184993, z: -0.6446842, w: -1}
  - {x: 0.3839062, y: 0.7283312, z: 0.5675823, w: -1}
  - {x: 0.3839069, y: 0.72833055, z: 0.5675826, w: -1}
  - {x: 0.3839069, y: 0.72833055, z: 0.5675826, w: -1}
  - {x: 0.38390765, y: 0.72832996, z: 0.5675829, w: -1}
  - {x: -0.00001665329, y: 1, z: 0.000005255, w: -1}
  - {x: -0.00001669001, y: 1, z: 0.000005235565, w: -1}
  - {x: -0.00001669001, y: 1, z: 0.000005235565, w: -1}
  - {x: -0.000016726728, y: 1, z: 0.00000521613, w: -1}
  - {x: 0.000008950841, y: -1, z: -0.0000043059863, w: -1}
  - {x: 0.000008980367, y: -1, z: -0.0000042422653, w: -1}
  - {x: 0.000008980367, y: -1, z: -0.0000042422653, w: -1}
  - {x: 0.0000090098965, y: -1, z: -0.0000041785456, w: -1}
  - {x: 0.8055303, y: 0.00000873682, z: -0.5925546, w: -1}
  - {x: 0.8055303, y: 0.000008728651, z: -0.5925546, w: -1}
  - {x: 0.8055303, y: 0.000008728651, z: -0.5925546, w: -1}
  - {x: 0.80553025, y: 0.0000087204835, z: -0.5925546, w: -1}
  - {x: -0.80553025, y: -0.000008757364, z: 0.59255457, w: -1}
  - {x: -0.8055303, y: -0.000008727331, z: 0.59255457, w: -1}
  - {x: -0.8055303, y: -0.000008727331, z: 0.59255457, w: -1}
  - {x: -0.80553037, y: -0.000008697298, z: 0.5925545, w: -1}
  - {x: -0.000009144514, y: 1, z: 0.0000040564382, w: -1}
  - {x: -0.000009083715, y: 1, z: 0.0000040882987, w: -1}
  - {x: -0.000009083715, y: 1, z: 0.0000040882987, w: -1}
  - {x: -0.000009022915, y: 1, z: 0.0000041201583, w: -1}
  - {x: -0.000015621285, y: 1, z: 0.000009509464, w: -1}
  - {x: -0.000015538266, y: 1, z: 0.000009488565, w: -1}
  - {x: -0.000015538266, y: 1, z: 0.000009488565, w: -1}
  - {x: -0.000015455247, y: 1, z: 0.000009467666, w: -1}
  - {x: -0.32158202, y: 0.83500206, z: -0.4464937, w: -1}
  - {x: -0.32158205, y: 0.8350021, z: -0.44649363, w: -1}
  - {x: -0.32158205, y: 0.8350021, z: -0.44649363, w: -1}
  - {x: -0.32158214, y: 0.835002, z: -0.44649363, w: -1}
  - {x: 0.32155713, y: 0.8350044, z: 0.4465073, w: -1}
  - {x: 0.32155755, y: 0.8350042, z: 0.4465073, w: -1}
  - {x: 0.32155755, y: 0.8350042, z: 0.4465073, w: -1}
  - {x: 0.32155794, y: 0.83500403, z: 0.44650733, w: -1}
  - {x: -0.000016402262, y: 1, z: 0.000006264782, w: -1}
  - {x: -0.000016573662, y: 1, z: 0.0000062514355, w: -1}
  - {x: -0.000016573662, y: 1, z: 0.0000062514355, w: -1}
  - {x: -0.00001674506, y: 1, z: 0.000006238089, w: -1}
  - {x: 0.000009013266, y: -1, z: -0.000004272896, w: -1}
  - {x: 0.0000090498925, y: -1, z: -0.000004193773, w: -1}
  - {x: 0.0000090498925, y: -1, z: -0.000004193773, w: -1}
  - {x: 0.000009086518, y: -1, z: -0.00000411465, w: -1}
  - {x: 0.73450285, y: 0.0000083306595, z: -0.6786056, w: -1}
  - {x: 0.7345028, y: 0.000008330659, z: -0.67860556, w: -1}
  - {x: 0.7345028, y: 0.000008330659, z: -0.67860556, w: -1}
  - {x: 0.7345029, y: 0.0000083306595, z: -0.67860556, w: -1}
  - {x: -0.73450273, y: -0.000008272802, z: 0.6786057, w: -1}
  - {x: -0.73450273, y: -0.000008301731, z: 0.67860574, w: -1}
  - {x: -0.73450273, y: -0.000008301731, z: 0.67860574, w: -1}
  - {x: -0.73450273, y: -0.0000083306595, z: 0.6786057, w: -1}
  - {x: -0.0000092901655, y: 1, z: 0.0000037124335, w: -1}
  - {x: -0.00000932679, y: 1, z: 0.0000036761708, w: -1}
  - {x: -0.00000932679, y: 1, z: 0.0000036761708, w: -1}
  - {x: -0.000009363415, y: 1, z: 0.000003639908, w: -1}
  - {x: -0.000009086516, y: 1, z: 0.0000041146486, w: -1}
  - {x: -0.000009086517, y: 1, z: 0.0000041146495, w: -1}
  - {x: -0.000009086517, y: 1, z: 0.0000041146495, w: -1}
  - {x: -0.000009086517, y: 1, z: 0.0000041146495, w: -1}
  - {x: -0.7483721, y: -0.000008411533, z: 0.66327906, w: -1}
  - {x: -0.7483721, y: -0.000008411534, z: 0.6632791, w: -1}
  - {x: -0.7483721, y: -0.000008411534, z: 0.6632791, w: -1}
  - {x: -0.7483721, y: -0.000008411535, z: 0.66327906, w: -1}
  - {x: 0.74837226, y: 0.000008411535, z: -0.66327894, w: -1}
  - {x: 0.74837226, y: 0.000008411535, z: -0.66327894, w: -1}
  - {x: 0.74837226, y: 0.000008411535, z: -0.66327894, w: -1}
  - {x: 0.7483723, y: 0.000008411536, z: -0.66327894, w: -1}
  - {x: 0.00000907043, y: -1, z: -0.000004272907, w: -1}
  - {x: 0.000009013281, y: -1, z: -0.0000042157585, w: -1}
  - {x: 0.000009013281, y: -1, z: -0.0000042157585, w: -1}
  - {x: 0.0000089561345, y: -1, z: -0.000004158612, w: -1}
  m_Colors: []
  m_UnwrapParameters:
    m_HardAngle: 88
    m_PackMargin: 20
    m_AngleError: 8
    m_AreaError: 15
  m_PreserveMeshAssetOnDestroy: 0
  assetGuid: 
  m_Mesh: {fileID: 0}
  m_VersionIndex: 1615
  m_IsSelectable: 1
  m_SelectedFaces: 
  m_SelectedEdges: []
  m_SelectedVertices: 
--- !u!114 &3779102486932660131
MonoBehaviour:
  m_ObjectHideFlags: 0
  m_CorrespondingSourceObject: {fileID: 0}
  m_PrefabInstance: {fileID: 0}
  m_PrefabAsset: {fileID: 0}
  m_GameObject: {fileID: 3779102486932660152}
  m_Enabled: 1
  m_EditorHideFlags: 0
  m_Script: {fileID: 11500000, guid: 1ca002da428252441b92f28d83c8a65f, type: 3}
  m_Name: 
  m_EditorClassIdentifier: 
  m_Shape:
    rid: 1810103260750020644
  m_Size: {x: -0.10994339, y: 0.018004417, z: 0.13679123}
  m_Rotation: {x: 0, y: 0, z: 0, w: 1}
  m_PivotLocation: 1
  m_PivotPosition: {x: 0, y: 0, z: 0}
  m_UnmodifiedMeshVersion: 564
  m_ShapeBox:
    m_Center: {x: -0.054971695, y: 0.009002209, z: 0.068395615}
    m_Extent: {x: 0.054971695, y: 0.009002209, z: 0.054971695}
  references:
    version: 2
    RefIds:
    - rid: 1810103260750020644
      type: {class: Cylinder, ns: UnityEngine.ProBuilder.Shapes, asm: Unity.ProBuilder}
      data:
        m_AxisDivisions: 6
        m_HeightCuts: 0
        m_Smooth: 0
--- !u!23 &3779102486932660156
MeshRenderer:
  m_ObjectHideFlags: 0
  m_CorrespondingSourceObject: {fileID: 0}
  m_PrefabInstance: {fileID: 0}
  m_PrefabAsset: {fileID: 0}
  m_GameObject: {fileID: 3779102486932660152}
  m_Enabled: 1
  m_CastShadows: 1
  m_ReceiveShadows: 1
  m_DynamicOccludee: 1
  m_StaticShadowCaster: 0
  m_MotionVectors: 1
  m_LightProbeUsage: 1
  m_ReflectionProbeUsage: 1
  m_RayTracingMode: 2
  m_RayTraceProcedural: 0
  m_RenderingLayerMask: 1
  m_RendererPriority: 0
  m_Materials:
  - {fileID: 2100000, guid: 31321ba15b8f8eb4c954353edc038b1d, type: 2}
  - {fileID: 2100000, guid: 569dd7fe2f69f6244a2ccc86e4103594, type: 2}
  - {fileID: 2100000, guid: ebed632196f737643b9ac318c39cee82, type: 2}
  m_StaticBatchInfo:
    firstSubMesh: 0
    subMeshCount: 0
  m_StaticBatchRoot: {fileID: 0}
  m_ProbeAnchor: {fileID: 0}
  m_LightProbeVolumeOverride: {fileID: 0}
  m_ScaleInLightmap: 1
  m_ReceiveGI: 1
  m_PreserveUVs: 0
  m_IgnoreNormalsForChartDetection: 0
  m_ImportantGI: 0
  m_StitchLightmapSeams: 1
  m_SelectedEditorRenderState: 2
  m_MinimumChartSize: 4
  m_AutoUVMaxDistance: 0.5
  m_AutoUVMaxAngle: 89
  m_LightmapParameters: {fileID: 0}
  m_SortingLayerID: 0
  m_SortingLayer: 0
  m_SortingOrder: 0
  m_AdditionalVertexStreams: {fileID: 0}
--- !u!33 &3779102486932660157
MeshFilter:
  m_ObjectHideFlags: 0
  m_CorrespondingSourceObject: {fileID: 0}
  m_PrefabInstance: {fileID: 0}
  m_PrefabAsset: {fileID: 0}
  m_GameObject: {fileID: 3779102486932660152}
  m_Mesh: {fileID: 0}
--- !u!1 &5550928583182266077
GameObject:
  m_ObjectHideFlags: 0
  m_CorrespondingSourceObject: {fileID: 0}
  m_PrefabInstance: {fileID: 0}
  m_PrefabAsset: {fileID: 0}
  serializedVersion: 6
  m_Component:
  - component: {fileID: 7202605515666741654}
  - component: {fileID: 4177082239825377551}
  - component: {fileID: 7812505296376780005}
  m_Layer: 0
  m_Name: Point Light
  m_TagString: Untagged
  m_Icon: {fileID: 0}
  m_NavMeshLayer: 0
  m_StaticEditorFlags: 0
  m_IsActive: 1
--- !u!4 &7202605515666741654
Transform:
  m_ObjectHideFlags: 0
  m_CorrespondingSourceObject: {fileID: 0}
  m_PrefabInstance: {fileID: 0}
  m_PrefabAsset: {fileID: 0}
  m_GameObject: {fileID: 5550928583182266077}
  m_LocalRotation: {x: -0, y: -0.18988976, z: -0, w: 0.98180544}
  m_LocalPosition: {x: -0.0027, y: 0.0941, z: 0.0378}
  m_LocalScale: {x: 1, y: 1, z: 1}
  m_ConstrainProportionsScale: 0
  m_Children: []
  m_Father: {fileID: 3779102486672702693}
  m_RootOrder: 3
  m_LocalEulerAnglesHint: {x: 0, y: 0, z: 0}
--- !u!108 &4177082239825377551
Light:
  m_ObjectHideFlags: 0
  m_CorrespondingSourceObject: {fileID: 0}
  m_PrefabInstance: {fileID: 0}
  m_PrefabAsset: {fileID: 0}
  m_GameObject: {fileID: 5550928583182266077}
  m_Enabled: 1
  serializedVersion: 10
  m_Type: 2
  m_Shape: 0
  m_Color: {r: 1, g: 0.64976156, b: 0.3820755, a: 1}
  m_Intensity: 0.9
  m_Range: 5
  m_SpotAngle: 30
  m_InnerSpotAngle: 21.80208
  m_CookieSize: 10
  m_Shadows:
    m_Type: 0
    m_Resolution: -1
    m_CustomResolution: -1
    m_Strength: 1
    m_Bias: 0.05
    m_NormalBias: 0.4
    m_NearPlane: 0.2
    m_CullingMatrixOverride:
      e00: 1
      e01: 0
      e02: 0
      e03: 0
      e10: 0
      e11: 1
      e12: 0
      e13: 0
      e20: 0
      e21: 0
      e22: 1
      e23: 0
      e30: 0
      e31: 0
      e32: 0
      e33: 1
    m_UseCullingMatrixOverride: 0
  m_Cookie: {fileID: 0}
  m_DrawHalo: 0
  m_Flare: {fileID: 0}
  m_RenderMode: 0
  m_CullingMask:
    serializedVersion: 2
    m_Bits: 4294967295
  m_RenderingLayerMask: 1
  m_Lightmapping: 4
  m_LightShadowCasterMode: 0
  m_AreaSize: {x: 1, y: 1}
  m_BounceIntensity: 1
  m_ColorTemperature: 6570
  m_UseColorTemperature: 0
  m_BoundingSphereOverride: {x: 0, y: 0, z: 0, w: 0}
  m_UseBoundingSphereOverride: 0
  m_UseViewFrustumForShadowCasterCull: 1
  m_ShadowRadius: 0
  m_ShadowAngle: 0
--- !u!114 &7812505296376780005
MonoBehaviour:
  m_ObjectHideFlags: 0
  m_CorrespondingSourceObject: {fileID: 0}
  m_PrefabInstance: {fileID: 0}
  m_PrefabAsset: {fileID: 0}
  m_GameObject: {fileID: 5550928583182266077}
  m_Enabled: 1
  m_EditorHideFlags: 0
  m_Script: {fileID: 11500000, guid: 474bcb49853aa07438625e644c072ee6, type: 3}
  m_Name: 
  m_EditorClassIdentifier: 
  m_Version: 1
  m_UsePipelineSettings: 1
  m_AdditionalLightsShadowResolutionTier: 2
  m_LightLayerMask: 1
  m_CustomShadowLayers: 0
  m_ShadowLayerMask: 1
  m_LightCookieSize: {x: 1, y: 1}
  m_LightCookieOffset: {x: 0, y: 0}
