%YAML 1.1
%TAG !u! tag:unity3d.com,2011:
--- !u!1 &4762836893561576707
GameObject:
  m_ObjectHideFlags: 0
  m_CorrespondingSourceObject: {fileID: 0}
  m_PrefabInstance: {fileID: 0}
  m_PrefabAsset: {fileID: 0}
  serializedVersion: 6
  m_Component:
  - component: {fileID: 4468840489195446217}
  - component: {fileID: 7871305901005997990}
  m_Layer: 0
  m_Name: TachoManager
  m_TagString: Untagged
  m_Icon: {fileID: 0}
  m_NavMeshLayer: 0
  m_StaticEditorFlags: 0
  m_IsActive: 1
--- !u!4 &4468840489195446217
Transform:
  m_ObjectHideFlags: 0
  m_CorrespondingSourceObject: {fileID: 0}
  m_PrefabInstance: {fileID: 0}
  m_PrefabAsset: {fileID: 0}
  m_GameObject: {fileID: 4762836893561576707}
  m_LocalRotation: {x: 0, y: 0, z: 0, w: 1}
  m_LocalPosition: {x: 4.1965585, y: -5.255706, z: 15.651494}
  m_LocalScale: {x: 1, y: 1, z: 1}
  m_ConstrainProportionsScale: 0
  m_Children:
  - {fileID: 8059529973388468187}
  - {fileID: 8600379116175702465}
  - {fileID: 5578057515757210454}
  m_Father: {fileID: 0}
  m_RootOrder: 0
  m_LocalEulerAnglesHint: {x: 0, y: 0, z: 0}
--- !u!114 &7871305901005997990
MonoBehaviour:
  m_ObjectHideFlags: 0
  m_CorrespondingSourceObject: {fileID: 0}
  m_PrefabInstance: {fileID: 0}
  m_PrefabAsset: {fileID: 0}
  m_GameObject: {fileID: 4762836893561576707}
  m_Enabled: 1
  m_EditorHideFlags: 0
  m_Script: {fileID: 11500000, guid: 1defa2429dc5fd04fb66f221d9af2282, type: 3}
  m_Name: 
  m_EditorClassIdentifier: 
  tachos:
  - {fileID: 8059529973388468161}
  - {fileID: 8600379116175702491}
  - {fileID: 5578057515757210444}
  Manager: {fileID: 0}
--- !u!1001 &559024605277501447
PrefabInstance:
  m_ObjectHideFlags: 0
  serializedVersion: 2
  m_Modification:
    m_TransformParent: {fileID: 4468840489195446217}
    m_Modifications:
    - target: {fileID: 3359738032816601602, guid: aca725871be7b8843b7a75df1bc09f34,
        type: 3}
      propertyPath: m_Mesh
      value: 
      objectReference: {fileID: 0}
    - target: {fileID: 3359738032816601603, guid: aca725871be7b8843b7a75df1bc09f34,
        type: 3}
      propertyPath: m_Mesh
      value: 
      objectReference: {fileID: 0}
    - target: {fileID: 3359738032816601606, guid: aca725871be7b8843b7a75df1bc09f34,
        type: 3}
      propertyPath: m_Mesh
      value: 
      objectReference: {fileID: 0}
    - target: {fileID: 3359738032816601606, guid: aca725871be7b8843b7a75df1bc09f34,
        type: 3}
      propertyPath: m_VersionIndex
      value: 4731
      objectReference: {fileID: 0}
    - target: {fileID: 3359738032816601607, guid: aca725871be7b8843b7a75df1bc09f34,
        type: 3}
      propertyPath: m_RootOrder
      value: 0
      objectReference: {fileID: 0}
    - target: {fileID: 3359738032816601607, guid: aca725871be7b8843b7a75df1bc09f34,
        type: 3}
      propertyPath: m_LocalScale.x
      value: 0.60055953
      objectReference: {fileID: 0}
    - target: {fileID: 3359738032816601607, guid: aca725871be7b8843b7a75df1bc09f34,
        type: 3}
      propertyPath: m_LocalScale.y
      value: 0.60055953
      objectReference: {fileID: 0}
    - target: {fileID: 3359738032816601607, guid: aca725871be7b8843b7a75df1bc09f34,
        type: 3}
      propertyPath: m_LocalScale.z
      value: 0.60055953
      objectReference: {fileID: 0}
    - target: {fileID: 3359738032816601607, guid: aca725871be7b8843b7a75df1bc09f34,
        type: 3}
      propertyPath: m_LocalPosition.x
      value: 3.2772417
      objectReference: {fileID: 0}
    - target: {fileID: 3359738032816601607, guid: aca725871be7b8843b7a75df1bc09f34,
        type: 3}
      propertyPath: m_LocalPosition.y
      value: 6.9357057
      objectReference: {fileID: 0}
    - target: {fileID: 3359738032816601607, guid: aca725871be7b8843b7a75df1bc09f34,
        type: 3}
      propertyPath: m_LocalPosition.z
      value: -12.555894
      objectReference: {fileID: 0}
    - target: {fileID: 3359738032816601607, guid: aca725871be7b8843b7a75df1bc09f34,
        type: 3}
      propertyPath: m_LocalRotation.w
      value: 0.7071078
      objectReference: {fileID: 0}
    - target: {fileID: 3359738032816601607, guid: aca725871be7b8843b7a75df1bc09f34,
        type: 3}
      propertyPath: m_LocalRotation.x
      value: -0
      objectReference: {fileID: 0}
    - target: {fileID: 3359738032816601607, guid: aca725871be7b8843b7a75df1bc09f34,
        type: 3}
      propertyPath: m_LocalRotation.y
      value: 0.7071058
      objectReference: {fileID: 0}
    - target: {fileID: 3359738032816601607, guid: aca725871be7b8843b7a75df1bc09f34,
        type: 3}
      propertyPath: m_LocalRotation.z
      value: -0
      objectReference: {fileID: 0}
    - target: {fileID: 3359738032816601607, guid: aca725871be7b8843b7a75df1bc09f34,
        type: 3}
      propertyPath: m_LocalEulerAnglesHint.x
      value: 0
      objectReference: {fileID: 0}
    - target: {fileID: 3359738032816601607, guid: aca725871be7b8843b7a75df1bc09f34,
        type: 3}
      propertyPath: m_LocalEulerAnglesHint.y
      value: 90
      objectReference: {fileID: 0}
    - target: {fileID: 3359738032816601607, guid: aca725871be7b8843b7a75df1bc09f34,
        type: 3}
      propertyPath: m_LocalEulerAnglesHint.z
      value: 0
      objectReference: {fileID: 0}
    - target: {fileID: 3359738032816601629, guid: aca725871be7b8843b7a75df1bc09f34,
        type: 3}
      propertyPath: m_Name
      value: Tacho de Basura 1
      objectReference: {fileID: 0}
    - target: {fileID: 3359738033308284579, guid: aca725871be7b8843b7a75df1bc09f34,
        type: 3}
      propertyPath: m_Mesh
      value: 
      objectReference: {fileID: 0}
    - target: {fileID: 3359738033308284579, guid: aca725871be7b8843b7a75df1bc09f34,
        type: 3}
      propertyPath: m_VersionIndex
      value: 4302
      objectReference: {fileID: 0}
    - target: {fileID: 3359738033308284604, guid: aca725871be7b8843b7a75df1bc09f34,
        type: 3}
      propertyPath: m_Mesh
      value: 
      objectReference: {fileID: 0}
    - target: {fileID: 3359738033308284607, guid: aca725871be7b8843b7a75df1bc09f34,
        type: 3}
      propertyPath: m_Mesh
      value: 
      objectReference: {fileID: 0}
    - target: {fileID: 3359738033974284600, guid: aca725871be7b8843b7a75df1bc09f34,
        type: 3}
      propertyPath: m_Mesh
      value: 
      objectReference: {fileID: 0}
    - target: {fileID: 3359738033974284601, guid: aca725871be7b8843b7a75df1bc09f34,
        type: 3}
      propertyPath: m_Mesh
      value: 
      objectReference: {fileID: 0}
    - target: {fileID: 3359738033974284604, guid: aca725871be7b8843b7a75df1bc09f34,
        type: 3}
      propertyPath: m_Mesh
      value: 
      objectReference: {fileID: 0}
    - target: {fileID: 3359738033974284604, guid: aca725871be7b8843b7a75df1bc09f34,
        type: 3}
      propertyPath: m_VersionIndex
      value: 2373
      objectReference: {fileID: 0}
    - target: {fileID: 3359738034071948097, guid: aca725871be7b8843b7a75df1bc09f34,
        type: 3}
      propertyPath: m_Mesh
      value: 
      objectReference: {fileID: 0}
    - target: {fileID: 3359738034071948101, guid: aca725871be7b8843b7a75df1bc09f34,
        type: 3}
      propertyPath: m_Mesh
      value: 
      objectReference: {fileID: 0}
    - target: {fileID: 3359738034071948101, guid: aca725871be7b8843b7a75df1bc09f34,
        type: 3}
      propertyPath: m_VersionIndex
      value: 4305
      objectReference: {fileID: 0}
    - target: {fileID: 3359738034071948102, guid: aca725871be7b8843b7a75df1bc09f34,
        type: 3}
      propertyPath: m_Mesh
      value: 
      objectReference: {fileID: 0}
    - target: {fileID: 7501657935500077924, guid: 3f8d77eb6c6eab44dad886d283752114,
        type: 3}
      propertyPath: m_Mesh
      value: 
      objectReference: {fileID: 0}
    - target: {fileID: 7501657935500077927, guid: 3f8d77eb6c6eab44dad886d283752114,
        type: 3}
      propertyPath: m_Mesh
      value: 
      objectReference: {fileID: 0}
    - target: {fileID: 7501657935500077944, guid: 3f8d77eb6c6eab44dad886d283752114,
        type: 3}
      propertyPath: m_Mesh
      value: 
      objectReference: {fileID: 0}
    - target: {fileID: 7501657935659341466, guid: 3f8d77eb6c6eab44dad886d283752114,
        type: 3}
      propertyPath: m_Mesh
      value: 
      objectReference: {fileID: 0}
    - target: {fileID: 7501657935659341469, guid: 3f8d77eb6c6eab44dad886d283752114,
        type: 3}
      propertyPath: m_Mesh
      value: 
      objectReference: {fileID: 0}
    - target: {fileID: 7501657935659341470, guid: 3f8d77eb6c6eab44dad886d283752114,
        type: 3}
      propertyPath: m_Mesh
      value: 
      objectReference: {fileID: 0}
    - target: {fileID: 7501657935888862434, guid: 3f8d77eb6c6eab44dad886d283752114,
        type: 3}
      propertyPath: m_Mesh
      value: 
      objectReference: {fileID: 0}
    - target: {fileID: 7501657935888862435, guid: 3f8d77eb6c6eab44dad886d283752114,
        type: 3}
      propertyPath: m_Mesh
      value: 
      objectReference: {fileID: 0}
    - target: {fileID: 7501657935888862439, guid: 3f8d77eb6c6eab44dad886d283752114,
        type: 3}
      propertyPath: m_Mesh
      value: 
      objectReference: {fileID: 0}
    - target: {fileID: 7501657935888862439, guid: 3f8d77eb6c6eab44dad886d283752114,
        type: 3}
      propertyPath: m_Tangents.Array.data[309].z
      value: 0.0000001788107
      objectReference: {fileID: 0}
    - target: {fileID: 7501657935888862439, guid: 3f8d77eb6c6eab44dad886d283752114,
        type: 3}
      propertyPath: m_Tangents.Array.data[310].z
      value: 0.0000001788107
      objectReference: {fileID: 0}
    - target: {fileID: 7501657935888862439, guid: 3f8d77eb6c6eab44dad886d283752114,
        type: 3}
      propertyPath: m_Tangents.Array.data[311].z
      value: 0.0000001788107
      objectReference: {fileID: 0}
    - target: {fileID: 7501657935888862439, guid: 3f8d77eb6c6eab44dad886d283752114,
        type: 3}
      propertyPath: m_Textures0.Array.data[285].x
      value: -0.054089364
      objectReference: {fileID: 0}
    - target: {fileID: 7501657935888862439, guid: 3f8d77eb6c6eab44dad886d283752114,
        type: 3}
      propertyPath: m_Textures0.Array.data[287].x
      value: 0.054088816
      objectReference: {fileID: 0}
    - target: {fileID: 7501657935888862439, guid: 3f8d77eb6c6eab44dad886d283752114,
        type: 3}
      propertyPath: m_Textures0.Array.data[306].x
      value: -0.12500006
      objectReference: {fileID: 0}
    - target: {fileID: 7501657935888862439, guid: 3f8d77eb6c6eab44dad886d283752114,
        type: 3}
      propertyPath: m_Textures0.Array.data[308].x
      value: 0.12499996
      objectReference: {fileID: 0}
    - target: {fileID: 7501657935888862439, guid: 3f8d77eb6c6eab44dad886d283752114,
        type: 3}
      propertyPath: m_Textures0.Array.data[311].x
      value: -0.12499992
      objectReference: {fileID: 0}
    - target: {fileID: 7501657936879052760, guid: 3f8d77eb6c6eab44dad886d283752114,
        type: 3}
      propertyPath: m_Mesh
      value: 
      objectReference: {fileID: 0}
    - target: {fileID: 7501657936879052765, guid: 3f8d77eb6c6eab44dad886d283752114,
        type: 3}
      propertyPath: m_Mesh
      value: 
      objectReference: {fileID: 0}
    m_RemovedComponents: []
  m_SourcePrefab: {fileID: 100100000, guid: 3f8d77eb6c6eab44dad886d283752114, type: 3}
--- !u!1 &8059529973388468161 stripped
GameObject:
  m_CorrespondingSourceObject: {fileID: 7501657936879052742, guid: 3f8d77eb6c6eab44dad886d283752114,
    type: 3}
  m_PrefabInstance: {fileID: 559024605277501447}
  m_PrefabAsset: {fileID: 0}
--- !u!4 &8059529973388468187 stripped
Transform:
  m_CorrespondingSourceObject: {fileID: 7501657936879052764, guid: 3f8d77eb6c6eab44dad886d283752114,
    type: 3}
  m_PrefabInstance: {fileID: 559024605277501447}
  m_PrefabAsset: {fileID: 0}
--- !u!1001 &2252240823670103581
PrefabInstance:
  m_ObjectHideFlags: 0
  serializedVersion: 2
  m_Modification:
    m_TransformParent: {fileID: 4468840489195446217}
    m_Modifications:
    - target: {fileID: 3359738032816601603, guid: aca725871be7b8843b7a75df1bc09f34,
        type: 3}
      propertyPath: m_Mesh
      value: 
      objectReference: {fileID: 0}
    - target: {fileID: 3359738032816601606, guid: aca725871be7b8843b7a75df1bc09f34,
        type: 3}
      propertyPath: m_Mesh
      value: 
      objectReference: {fileID: 0}
    - target: {fileID: 3359738032816601606, guid: aca725871be7b8843b7a75df1bc09f34,
        type: 3}
      propertyPath: m_VersionIndex
      value: 4722
      objectReference: {fileID: 0}
    - target: {fileID: 3359738032816601607, guid: aca725871be7b8843b7a75df1bc09f34,
        type: 3}
      propertyPath: m_RootOrder
      value: 1
      objectReference: {fileID: 0}
    - target: {fileID: 3359738032816601607, guid: aca725871be7b8843b7a75df1bc09f34,
        type: 3}
      propertyPath: m_LocalPosition.x
      value: 6.8178115
      objectReference: {fileID: 0}
    - target: {fileID: 3359738032816601607, guid: aca725871be7b8843b7a75df1bc09f34,
        type: 3}
      propertyPath: m_LocalPosition.y
      value: 7.111357
      objectReference: {fileID: 0}
    - target: {fileID: 3359738032816601607, guid: aca725871be7b8843b7a75df1bc09f34,
        type: 3}
      propertyPath: m_LocalPosition.z
      value: -12.51906
      objectReference: {fileID: 0}
    - target: {fileID: 3359738032816601607, guid: aca725871be7b8843b7a75df1bc09f34,
        type: 3}
      propertyPath: m_LocalRotation.w
      value: 0.7071078
      objectReference: {fileID: 0}
    - target: {fileID: 3359738032816601607, guid: aca725871be7b8843b7a75df1bc09f34,
        type: 3}
      propertyPath: m_LocalRotation.x
      value: -0
      objectReference: {fileID: 0}
    - target: {fileID: 3359738032816601607, guid: aca725871be7b8843b7a75df1bc09f34,
        type: 3}
      propertyPath: m_LocalRotation.y
      value: 0.7071058
      objectReference: {fileID: 0}
    - target: {fileID: 3359738032816601607, guid: aca725871be7b8843b7a75df1bc09f34,
        type: 3}
      propertyPath: m_LocalRotation.z
      value: -0
      objectReference: {fileID: 0}
    - target: {fileID: 3359738032816601607, guid: aca725871be7b8843b7a75df1bc09f34,
        type: 3}
      propertyPath: m_LocalEulerAnglesHint.x
      value: 0
      objectReference: {fileID: 0}
    - target: {fileID: 3359738032816601607, guid: aca725871be7b8843b7a75df1bc09f34,
        type: 3}
      propertyPath: m_LocalEulerAnglesHint.y
      value: 90
      objectReference: {fileID: 0}
    - target: {fileID: 3359738032816601607, guid: aca725871be7b8843b7a75df1bc09f34,
        type: 3}
      propertyPath: m_LocalEulerAnglesHint.z
      value: 0
      objectReference: {fileID: 0}
    - target: {fileID: 3359738032816601629, guid: aca725871be7b8843b7a75df1bc09f34,
        type: 3}
      propertyPath: m_Name
      value: Tacho de Basura 2
      objectReference: {fileID: 0}
    - target: {fileID: 3359738033308284579, guid: aca725871be7b8843b7a75df1bc09f34,
        type: 3}
      propertyPath: m_Mesh
      value: 
      objectReference: {fileID: 0}
    - target: {fileID: 3359738033308284579, guid: aca725871be7b8843b7a75df1bc09f34,
        type: 3}
      propertyPath: m_VersionIndex
      value: 4293
      objectReference: {fileID: 0}
    - target: {fileID: 3359738033308284604, guid: aca725871be7b8843b7a75df1bc09f34,
        type: 3}
      propertyPath: m_Mesh
      value: 
      objectReference: {fileID: 0}
    - target: {fileID: 3359738033308284607, guid: aca725871be7b8843b7a75df1bc09f34,
        type: 3}
      propertyPath: m_Mesh
      value: 
      objectReference: {fileID: 0}
    - target: {fileID: 3359738033974284600, guid: aca725871be7b8843b7a75df1bc09f34,
        type: 3}
      propertyPath: m_Mesh
      value: 
      objectReference: {fileID: 0}
    - target: {fileID: 3359738033974284601, guid: aca725871be7b8843b7a75df1bc09f34,
        type: 3}
      propertyPath: m_Mesh
      value: 
      objectReference: {fileID: 0}
    - target: {fileID: 3359738033974284604, guid: aca725871be7b8843b7a75df1bc09f34,
        type: 3}
      propertyPath: m_Mesh
      value: 
      objectReference: {fileID: 0}
    - target: {fileID: 3359738033974284604, guid: aca725871be7b8843b7a75df1bc09f34,
        type: 3}
      propertyPath: m_VersionIndex
      value: 2364
      objectReference: {fileID: 0}
    - target: {fileID: 3359738034071948097, guid: aca725871be7b8843b7a75df1bc09f34,
        type: 3}
      propertyPath: m_Mesh
      value: 
      objectReference: {fileID: 0}
    - target: {fileID: 3359738034071948101, guid: aca725871be7b8843b7a75df1bc09f34,
        type: 3}
      propertyPath: m_Mesh
      value: 
      objectReference: {fileID: 0}
    - target: {fileID: 3359738034071948101, guid: aca725871be7b8843b7a75df1bc09f34,
        type: 3}
      propertyPath: m_VersionIndex
      value: 4296
      objectReference: {fileID: 0}
    - target: {fileID: 3359738034071948102, guid: aca725871be7b8843b7a75df1bc09f34,
        type: 3}
      propertyPath: m_Mesh
      value: 
      objectReference: {fileID: 0}
    - target: {fileID: 7501657935500077924, guid: 3f8d77eb6c6eab44dad886d283752114,
        type: 3}
      propertyPath: m_Mesh
      value: 
      objectReference: {fileID: 0}
    - target: {fileID: 7501657935500077927, guid: 3f8d77eb6c6eab44dad886d283752114,
        type: 3}
      propertyPath: m_Mesh
      value: 
      objectReference: {fileID: 0}
    - target: {fileID: 7501657935500077944, guid: 3f8d77eb6c6eab44dad886d283752114,
        type: 3}
      propertyPath: m_Mesh
      value: 
      objectReference: {fileID: 0}
    - target: {fileID: 7501657935659341466, guid: 3f8d77eb6c6eab44dad886d283752114,
        type: 3}
      propertyPath: m_Mesh
      value: 
      objectReference: {fileID: 0}
    - target: {fileID: 7501657935659341469, guid: 3f8d77eb6c6eab44dad886d283752114,
        type: 3}
      propertyPath: m_Mesh
      value: 
      objectReference: {fileID: 0}
    - target: {fileID: 7501657935659341470, guid: 3f8d77eb6c6eab44dad886d283752114,
        type: 3}
      propertyPath: m_Mesh
      value: 
      objectReference: {fileID: 0}
    - target: {fileID: 7501657935888862434, guid: 3f8d77eb6c6eab44dad886d283752114,
        type: 3}
      propertyPath: m_Mesh
      value: 
      objectReference: {fileID: 0}
    - target: {fileID: 7501657935888862435, guid: 3f8d77eb6c6eab44dad886d283752114,
        type: 3}
      propertyPath: m_Mesh
      value: 
      objectReference: {fileID: 0}
    - target: {fileID: 7501657935888862439, guid: 3f8d77eb6c6eab44dad886d283752114,
        type: 3}
      propertyPath: m_Mesh
      value: 
      objectReference: {fileID: 0}
    - target: {fileID: 7501657935888862439, guid: 3f8d77eb6c6eab44dad886d283752114,
        type: 3}
      propertyPath: m_Tangents.Array.data[309].z
      value: 0.0000001788107
      objectReference: {fileID: 0}
    - target: {fileID: 7501657935888862439, guid: 3f8d77eb6c6eab44dad886d283752114,
        type: 3}
      propertyPath: m_Tangents.Array.data[310].z
      value: 0.0000001788107
      objectReference: {fileID: 0}
    - target: {fileID: 7501657935888862439, guid: 3f8d77eb6c6eab44dad886d283752114,
        type: 3}
      propertyPath: m_Tangents.Array.data[311].z
      value: 0.0000001788107
      objectReference: {fileID: 0}
    - target: {fileID: 7501657935888862439, guid: 3f8d77eb6c6eab44dad886d283752114,
        type: 3}
      propertyPath: m_Textures0.Array.data[285].x
      value: -0.054089364
      objectReference: {fileID: 0}
    - target: {fileID: 7501657935888862439, guid: 3f8d77eb6c6eab44dad886d283752114,
        type: 3}
      propertyPath: m_Textures0.Array.data[287].x
      value: 0.054088816
      objectReference: {fileID: 0}
    - target: {fileID: 7501657935888862439, guid: 3f8d77eb6c6eab44dad886d283752114,
        type: 3}
      propertyPath: m_Textures0.Array.data[306].x
      value: -0.12500006
      objectReference: {fileID: 0}
    - target: {fileID: 7501657935888862439, guid: 3f8d77eb6c6eab44dad886d283752114,
        type: 3}
      propertyPath: m_Textures0.Array.data[308].x
      value: 0.12499996
      objectReference: {fileID: 0}
    - target: {fileID: 7501657935888862439, guid: 3f8d77eb6c6eab44dad886d283752114,
        type: 3}
      propertyPath: m_Textures0.Array.data[311].x
      value: -0.12499992
      objectReference: {fileID: 0}
    - target: {fileID: 7501657936879052760, guid: 3f8d77eb6c6eab44dad886d283752114,
        type: 3}
      propertyPath: m_Mesh
      value: 
      objectReference: {fileID: 0}
    - target: {fileID: 7501657936879052764, guid: 3f8d77eb6c6eab44dad886d283752114,
        type: 3}
      propertyPath: m_RootOrder
      value: 1
      objectReference: {fileID: 0}
    - target: {fileID: 7501657936879052765, guid: 3f8d77eb6c6eab44dad886d283752114,
        type: 3}
      propertyPath: m_Mesh
      value: 
      objectReference: {fileID: 0}
    m_RemovedComponents: []
  m_SourcePrefab: {fileID: 100100000, guid: 3f8d77eb6c6eab44dad886d283752114, type: 3}
--- !u!4 &8600379116175702465 stripped
Transform:
  m_CorrespondingSourceObject: {fileID: 7501657936879052764, guid: 3f8d77eb6c6eab44dad886d283752114,
    type: 3}
  m_PrefabInstance: {fileID: 2252240823670103581}
  m_PrefabAsset: {fileID: 0}
--- !u!1 &8600379116175702491 stripped
GameObject:
  m_CorrespondingSourceObject: {fileID: 7501657936879052742, guid: 3f8d77eb6c6eab44dad886d283752114,
    type: 3}
  m_PrefabInstance: {fileID: 2252240823670103581}
  m_PrefabAsset: {fileID: 0}
--- !u!1001 &2698223405899082890
PrefabInstance:
  m_ObjectHideFlags: 0
  serializedVersion: 2
  m_Modification:
    m_TransformParent: {fileID: 4468840489195446217}
    m_Modifications:
    - target: {fileID: 3359738032816601603, guid: aca725871be7b8843b7a75df1bc09f34,
        type: 3}
      propertyPath: m_Mesh
      value: 
      objectReference: {fileID: 0}
    - target: {fileID: 3359738032816601606, guid: aca725871be7b8843b7a75df1bc09f34,
        type: 3}
      propertyPath: m_Mesh
      value: 
      objectReference: {fileID: 0}
    - target: {fileID: 3359738032816601606, guid: aca725871be7b8843b7a75df1bc09f34,
        type: 3}
      propertyPath: m_VersionIndex
      value: 4722
      objectReference: {fileID: 0}
    - target: {fileID: 3359738032816601607, guid: aca725871be7b8843b7a75df1bc09f34,
        type: 3}
      propertyPath: m_RootOrder
      value: 2
      objectReference: {fileID: 0}
    - target: {fileID: 3359738032816601607, guid: aca725871be7b8843b7a75df1bc09f34,
        type: 3}
      propertyPath: m_LocalPosition.x
      value: 10.702457
      objectReference: {fileID: 0}
    - target: {fileID: 3359738032816601607, guid: aca725871be7b8843b7a75df1bc09f34,
        type: 3}
      propertyPath: m_LocalPosition.y
      value: 7.111357
      objectReference: {fileID: 0}
    - target: {fileID: 3359738032816601607, guid: aca725871be7b8843b7a75df1bc09f34,
        type: 3}
      propertyPath: m_LocalPosition.z
      value: -12.592098
      objectReference: {fileID: 0}
    - target: {fileID: 3359738032816601607, guid: aca725871be7b8843b7a75df1bc09f34,
        type: 3}
      propertyPath: m_LocalRotation.w
      value: 0.7071078
      objectReference: {fileID: 0}
    - target: {fileID: 3359738032816601607, guid: aca725871be7b8843b7a75df1bc09f34,
        type: 3}
      propertyPath: m_LocalRotation.x
      value: -0
      objectReference: {fileID: 0}
    - target: {fileID: 3359738032816601607, guid: aca725871be7b8843b7a75df1bc09f34,
        type: 3}
      propertyPath: m_LocalRotation.y
      value: 0.7071058
      objectReference: {fileID: 0}
    - target: {fileID: 3359738032816601607, guid: aca725871be7b8843b7a75df1bc09f34,
        type: 3}
      propertyPath: m_LocalRotation.z
      value: -0
      objectReference: {fileID: 0}
    - target: {fileID: 3359738032816601607, guid: aca725871be7b8843b7a75df1bc09f34,
        type: 3}
      propertyPath: m_LocalEulerAnglesHint.x
      value: 0
      objectReference: {fileID: 0}
    - target: {fileID: 3359738032816601607, guid: aca725871be7b8843b7a75df1bc09f34,
        type: 3}
      propertyPath: m_LocalEulerAnglesHint.y
      value: 90
      objectReference: {fileID: 0}
    - target: {fileID: 3359738032816601607, guid: aca725871be7b8843b7a75df1bc09f34,
        type: 3}
      propertyPath: m_LocalEulerAnglesHint.z
      value: 0
      objectReference: {fileID: 0}
    - target: {fileID: 3359738032816601629, guid: aca725871be7b8843b7a75df1bc09f34,
        type: 3}
      propertyPath: m_Name
      value: Tacho de Basura 3
      objectReference: {fileID: 0}
    - target: {fileID: 3359738033308284579, guid: aca725871be7b8843b7a75df1bc09f34,
        type: 3}
      propertyPath: m_Mesh
      value: 
      objectReference: {fileID: 0}
    - target: {fileID: 3359738033308284579, guid: aca725871be7b8843b7a75df1bc09f34,
        type: 3}
      propertyPath: m_VersionIndex
      value: 4293
      objectReference: {fileID: 0}
    - target: {fileID: 3359738033308284604, guid: aca725871be7b8843b7a75df1bc09f34,
        type: 3}
      propertyPath: m_Mesh
      value: 
      objectReference: {fileID: 0}
    - target: {fileID: 3359738033308284607, guid: aca725871be7b8843b7a75df1bc09f34,
        type: 3}
      propertyPath: m_Mesh
      value: 
      objectReference: {fileID: 0}
    - target: {fileID: 3359738033974284600, guid: aca725871be7b8843b7a75df1bc09f34,
        type: 3}
      propertyPath: m_Mesh
      value: 
      objectReference: {fileID: 0}
    - target: {fileID: 3359738033974284601, guid: aca725871be7b8843b7a75df1bc09f34,
        type: 3}
      propertyPath: m_Mesh
      value: 
      objectReference: {fileID: 0}
    - target: {fileID: 3359738033974284604, guid: aca725871be7b8843b7a75df1bc09f34,
        type: 3}
      propertyPath: m_Mesh
      value: 
      objectReference: {fileID: 0}
    - target: {fileID: 3359738033974284604, guid: aca725871be7b8843b7a75df1bc09f34,
        type: 3}
      propertyPath: m_VersionIndex
      value: 2364
      objectReference: {fileID: 0}
    - target: {fileID: 3359738034071948097, guid: aca725871be7b8843b7a75df1bc09f34,
        type: 3}
      propertyPath: m_Mesh
      value: 
      objectReference: {fileID: 0}
    - target: {fileID: 3359738034071948101, guid: aca725871be7b8843b7a75df1bc09f34,
        type: 3}
      propertyPath: m_Mesh
      value: 
      objectReference: {fileID: 0}
    - target: {fileID: 3359738034071948101, guid: aca725871be7b8843b7a75df1bc09f34,
        type: 3}
      propertyPath: m_VersionIndex
      value: 4296
      objectReference: {fileID: 0}
    - target: {fileID: 3359738034071948102, guid: aca725871be7b8843b7a75df1bc09f34,
        type: 3}
      propertyPath: m_Mesh
      value: 
      objectReference: {fileID: 0}
    - target: {fileID: 7501657935500077924, guid: 3f8d77eb6c6eab44dad886d283752114,
        type: 3}
      propertyPath: m_Mesh
      value: 
      objectReference: {fileID: 0}
    - target: {fileID: 7501657935500077927, guid: 3f8d77eb6c6eab44dad886d283752114,
        type: 3}
      propertyPath: m_Mesh
      value: 
      objectReference: {fileID: 0}
    - target: {fileID: 7501657935500077944, guid: 3f8d77eb6c6eab44dad886d283752114,
        type: 3}
      propertyPath: m_Mesh
      value: 
      objectReference: {fileID: 0}
    - target: {fileID: 7501657935659341466, guid: 3f8d77eb6c6eab44dad886d283752114,
        type: 3}
      propertyPath: m_Mesh
      value: 
      objectReference: {fileID: 0}
    - target: {fileID: 7501657935659341469, guid: 3f8d77eb6c6eab44dad886d283752114,
        type: 3}
      propertyPath: m_Mesh
      value: 
      objectReference: {fileID: 0}
    - target: {fileID: 7501657935659341470, guid: 3f8d77eb6c6eab44dad886d283752114,
        type: 3}
      propertyPath: m_Mesh
      value: 
      objectReference: {fileID: 0}
    - target: {fileID: 7501657935888862434, guid: 3f8d77eb6c6eab44dad886d283752114,
        type: 3}
      propertyPath: m_Mesh
      value: 
      objectReference: {fileID: 0}
    - target: {fileID: 7501657935888862435, guid: 3f8d77eb6c6eab44dad886d283752114,
        type: 3}
      propertyPath: m_Mesh
      value: 
      objectReference: {fileID: 0}
    - target: {fileID: 7501657935888862439, guid: 3f8d77eb6c6eab44dad886d283752114,
        type: 3}
      propertyPath: m_Mesh
      value: 
      objectReference: {fileID: 0}
    - target: {fileID: 7501657935888862439, guid: 3f8d77eb6c6eab44dad886d283752114,
        type: 3}
      propertyPath: m_Tangents.Array.data[309].z
      value: 0.0000001788107
      objectReference: {fileID: 0}
    - target: {fileID: 7501657935888862439, guid: 3f8d77eb6c6eab44dad886d283752114,
        type: 3}
      propertyPath: m_Tangents.Array.data[310].z
      value: 0.0000001788107
      objectReference: {fileID: 0}
    - target: {fileID: 7501657935888862439, guid: 3f8d77eb6c6eab44dad886d283752114,
        type: 3}
      propertyPath: m_Tangents.Array.data[311].z
      value: 0.0000001788107
      objectReference: {fileID: 0}
    - target: {fileID: 7501657935888862439, guid: 3f8d77eb6c6eab44dad886d283752114,
        type: 3}
      propertyPath: m_Textures0.Array.data[285].x
      value: -0.054089364
      objectReference: {fileID: 0}
    - target: {fileID: 7501657935888862439, guid: 3f8d77eb6c6eab44dad886d283752114,
        type: 3}
      propertyPath: m_Textures0.Array.data[287].x
      value: 0.054088816
      objectReference: {fileID: 0}
    - target: {fileID: 7501657935888862439, guid: 3f8d77eb6c6eab44dad886d283752114,
        type: 3}
      propertyPath: m_Textures0.Array.data[306].x
      value: -0.12500006
      objectReference: {fileID: 0}
    - target: {fileID: 7501657935888862439, guid: 3f8d77eb6c6eab44dad886d283752114,
        type: 3}
      propertyPath: m_Textures0.Array.data[308].x
      value: 0.12499996
      objectReference: {fileID: 0}
    - target: {fileID: 7501657935888862439, guid: 3f8d77eb6c6eab44dad886d283752114,
        type: 3}
      propertyPath: m_Textures0.Array.data[311].x
      value: -0.12499992
      objectReference: {fileID: 0}
    - target: {fileID: 7501657936879052760, guid: 3f8d77eb6c6eab44dad886d283752114,
        type: 3}
      propertyPath: m_Mesh
      value: 
      objectReference: {fileID: 0}
    - target: {fileID: 7501657936879052764, guid: 3f8d77eb6c6eab44dad886d283752114,
        type: 3}
      propertyPath: m_RootOrder
      value: 2
      objectReference: {fileID: 0}
    - target: {fileID: 7501657936879052765, guid: 3f8d77eb6c6eab44dad886d283752114,
        type: 3}
      propertyPath: m_Mesh
      value: 
      objectReference: {fileID: 0}
    m_RemovedComponents: []
  m_SourcePrefab: {fileID: 100100000, guid: 3f8d77eb6c6eab44dad886d283752114, type: 3}
--- !u!1 &5578057515757210444 stripped
GameObject:
  m_CorrespondingSourceObject: {fileID: 7501657936879052742, guid: 3f8d77eb6c6eab44dad886d283752114,
    type: 3}
  m_PrefabInstance: {fileID: 2698223405899082890}
  m_PrefabAsset: {fileID: 0}
--- !u!4 &5578057515757210454 stripped
Transform:
  m_CorrespondingSourceObject: {fileID: 7501657936879052764, guid: 3f8d77eb6c6eab44dad886d283752114,
    type: 3}
  m_PrefabInstance: {fileID: 2698223405899082890}
  m_PrefabAsset: {fileID: 0}
